%% This BibTeX bibliography file was created using BibDesk.
%% http://bibdesk.sourceforge.net/

%% Created for Ben Snowball at 2021-04-14 17:01:13 +0100 


%% Saved with string encoding Unicode (UTF-8) 



@article{malardel2016new,
	Author = {Malardel, Sylvie and Wedi, Nils and Deconinck, Willem and Diamantakis, Michail and K{\"u}hnlein, Christian and Mozdzynski, George and Hamrud, Mats and Smolarkiewicz, Piotr},
	Date-Added = {2021-04-14 16:01:06 +0000},
	Date-Modified = {2021-04-14 16:01:06 +0000},
	Journal = {ECMWF Newsletter},
	Pages = {23--28},
	Title = {A new grid for the IFS},
	Volume = {146},
	Year = {2016}}

@article{cooley1965algorithm,
	Author = {Cooley, James W and Tukey, John W},
	Date-Added = {2021-04-14 16:00:55 +0000},
	Date-Modified = {2021-04-14 16:00:55 +0000},
	Journal = {Mathematics of computation},
	Number = {90},
	Pages = {297--301},
	Title = {An algorithm for the machine calculation of complex Fourier series},
	Volume = {19},
	Year = {1965}}

@article{diamantakisecmwf,
	Author = {Diamantakis, M and Bauer, P and Deconinck, W and Dueben, P and Kuenhlein, C and Malardel, S and Mueller, A and Smolarkiewicz, P and Vana, F and Wedi, N},
	Date-Added = {2021-04-14 16:00:46 +0000},
	Date-Modified = {2021-04-14 16:00:46 +0000},
	Journal = {NUMERICAL WEATHER},
	Pages = {19},
	Title = {The ECMWF model dynamical core and visions of its future},
	Year = {2018}}

@article{williamson2007evolution,
	Author = {Williamson, David L},
	Date-Added = {2021-04-14 16:00:30 +0000},
	Date-Modified = {2021-04-14 16:00:30 +0000},
	Journal = {Journal of the Meteorological Society of Japan. Ser. II},
	Pages = {241--269},
	Title = {The evolution of dynamical cores for global atmospheric models},
	Volume = {85},
	Year = {2007}}

@book{boyd2001chebyshev,
	Author = {Boyd, John P},
	Date-Added = {2021-04-14 16:00:19 +0000},
	Date-Modified = {2021-04-14 16:00:19 +0000},
	Publisher = {Courier Corporation},
	Title = {Chebyshev and Fourier spectral methods},
	Year = {2001}}

@article{limpanuparb2014associated,
	Author = {Limpanuparb, Taweetham and Milthorpe, Josh},
	Date-Added = {2021-03-12 11:54:53 +0000},
	Date-Modified = {2021-03-12 11:55:19 +0000},
	Title = {Associated legendre polynomials and spherical harmonics computation for chemistry applications},
	Year = {2014}}

@article{humi1987factorisation,
	Author = {Humi, Mayer},
	Date-Added = {2021-03-11 11:57:29 +0000},
	Date-Modified = {2021-03-11 11:58:30 +0000},
	Journal = {Journal of Physics A: Mathematical and General},
	Number = {14},
	Pages = {4577},
	Title = {Factorisation of separable partial differential equations},
	Volume = {20},
	Year = {1987}}

@article{BenchmarkTools.jl-2016,
	Author = {Chen, Jiahao and Revels, Jarrett},
	Date-Added = {2021-03-05 13:08:13 +0000},
	Date-Modified = {2021-03-05 13:09:38 +0000},
	Journal = {arXiv preprint arXiv:1608.04295},
	Month = {Aug},
	Title = {Robust benchmarking in noisy environments},
	Year = {2016}}

@article{lecoanet2019tensor,
	Author = {Lecoanet, Daniel and Vasil, Geoffrey M and Burns, Keaton J and Brown, Benjamin P and Oishi, Jeffrey S},
	Date-Added = {2021-03-05 12:37:48 +0000},
	Date-Modified = {2021-03-05 12:37:48 +0000},
	Journal = {Journal of Computational Physics: X},
	Pages = {100012},
	Publisher = {Elsevier},
	Title = {Tensor calculus in spherical coordinates using Jacobi polynomials. {P}art-{II}: Implementation and examples},
	Volume = {3},
	Year = {2019}}

@article{vasil2019tensor,
	Author = {Vasil, Geoffrey M and Lecoanet, Daniel and Burns, Keaton J and Oishi, Jeffrey S and Brown, Benjamin P},
	Date-Added = {2021-03-05 12:37:20 +0000},
	Date-Modified = {2021-03-05 12:37:20 +0000},
	Journal = {Journal of Computational Physics: X},
	Pages = {100013},
	Publisher = {Elsevier},
	Title = {Tensor calculus in spherical coordinates using {J}acobi polynomials. {P}art-{I}: Mathematical analysis and derivations},
	Volume = {3},
	Year = {2019}}

@article{swarztrauber1996spectral,
	Author = {Swarztrauber, Paul N},
	Date-Added = {2020-10-22 16:25:58 +0000},
	Date-Modified = {2020-10-22 16:26:35 +0000},
	Journal = {Monthly Weather Review},
	Number = {4},
	Pages = {730--744},
	Title = {Spectral transform methods for solving the shallow-water equations on the sphere},
	Volume = {124},
	Year = {1996}}

@article{fengler2005nonlinear,
	Author = {Fengler, Martin J and Freeden, Willi},
	Date-Added = {2020-10-22 16:21:37 +0000},
	Date-Modified = {2020-10-22 16:22:36 +0000},
	Journal = {SIAM Journal on Scientific Computing},
	Number = {3},
	Pages = {967--994},
	Title = {A nonlinear Galerkin scheme involving vector and tensor spherical harmonics for solving the incompressible Navier--Stokes equation on the sphere},
	Volume = {27},
	Year = {2005}}

@article{moses1974use,
	Author = {Moses, HE},
	Date-Added = {2020-10-22 16:19:35 +0000},
	Date-Modified = {2020-10-22 16:20:15 +0000},
	Journal = {Journal of the Atmospheric Sciences},
	Number = {6},
	Pages = {1490--1499},
	Title = {The use of vector spherical harmonics in global meteorology and aeronomy},
	Volume = {31},
	Year = {1974}}

@article{swarztrauber1993vector,
	Author = {Swarztrauber, Paul N},
	Date-Added = {2020-10-22 16:17:08 +0000},
	Date-Modified = {2020-10-22 16:17:45 +0000},
	Journal = {Monthly Weather Review},
	Number = {12},
	Pages = {3415--3437},
	Title = {The vector harmonic transform method for solving partial differential equations in spherical geometry},
	Volume = {121},
	Year = {1993}}

@article{carrascal1991vector,
	Author = {Carrascal, B and Estevez, GA and Lee, Peilian and Lorenzo, V},
	Date-Added = {2020-10-22 16:13:22 +0000},
	Date-Modified = {2020-10-22 16:14:02 +0000},
	Journal = {European Journal of Physics},
	Number = {4},
	Pages = {184},
	Title = {Vector spherical harmonics and their application to classical electrodynamics},
	Volume = {12},
	Year = {1991}}

@article{hill1954theory,
	Author = {Hill, EL},
	Date-Added = {2020-10-22 16:10:00 +0000},
	Date-Modified = {2020-10-22 16:10:46 +0000},
	Journal = {American Journal of Physics},
	Number = {4},
	Pages = {211--214},
	Title = {The theory of vector spherical harmonics},
	Volume = {22},
	Year = {1954}}

@article{gia2019favest,
	Author = {Gia, Quoc T Le and Li, Ming and Wang, Yu Guang},
	Date-Added = {2020-10-22 16:04:08 +0000},
	Date-Modified = {2020-10-22 16:04:37 +0000},
	Journal = {arXiv preprint arXiv:1908.00041},
	Title = {FaVeST: Fast vector spherical harmonic transforms},
	Year = {2019}}

@article{suda2002fast,
	Author = {Suda, Reiji and Takami, Masayasu},
	Date-Added = {2020-10-22 15:52:00 +0000},
	Date-Modified = {2020-10-22 15:52:40 +0000},
	Journal = {Mathematics of computation},
	Number = {238},
	Pages = {703--715},
	Title = {A fast spherical harmonics transform algorithm},
	Volume = {71},
	Year = {2002}}

@article{mohlenkamp1999fast,
	Author = {Mohlenkamp, Martin J},
	Date-Added = {2020-10-22 15:43:39 +0000},
	Date-Modified = {2020-10-22 15:44:32 +0000},
	Journal = {Journal of Fourier analysis and applications},
	Number = {2-3},
	Pages = {159--184},
	Title = {A fast transform for spherical harmonics},
	Volume = {5},
	Year = {1999}}

@techreport{ecmwf2020scalability,
	Address = {https://www.ecmwf.int/node/19380},
	Author = {Bauer et. al., Peter},
	Date-Added = {2020-10-19 16:17:03 +0000},
	Date-Modified = {2020-10-19 16:24:54 +0000},
	Institution = {ECMWF},
	Month = {02},
	Number = {857},
	Title = {The ECMWF Scalability Programme: Progress and Plans},
	Type = {Technical memorandum},
	Year = {2020}}

@article{cheong2006dynamical,
	Author = {Cheong, Hyeong-Bin},
	Date-Added = {2020-10-19 15:57:24 +0000},
	Date-Modified = {2020-10-19 15:58:05 +0000},
	Journal = {Monthly weather review},
	Number = {4},
	Pages = {1299--1315},
	Title = {A dynamical core with double Fourier series: Comparison with the spherical harmonics method},
	Volume = {134},
	Year = {2006}}

@article{gutleb2020sparse,
	Author = {Gutleb, Timon S and Olver, Sheehan},
	Date-Added = {2020-10-19 15:12:46 +0000},
	Date-Modified = {2020-10-19 15:13:41 +0000},
	Journal = {SIAM Journal on Numerical Analysis},
	Number = {3},
	Pages = {1993--2018},
	Publisher = {SIAM},
	Title = {A sparse spectral method for Volterra integral equations using orthogonal polynomials on the triangle},
	Volume = {58},
	Year = {2020}}

@book{press2007numerical,
	Author = {Press, William H and Teukolsky, Saul A and Vetterling, William T and Flannery, Brian P},
	Date-Added = {2020-10-15 16:27:33 +0000},
	Date-Modified = {2020-10-15 16:28:20 +0000},
	Publisher = {Cambridge university press},
	Title = {Numerical recipes 3rd edition: The art of scientific computing},
	Year = {2007}}

@book{courant1953methods,
	Author = {Courant, R and Hilbert, D},
	Date-Added = {2020-10-13 16:27:56 +0000},
	Date-Modified = {2020-10-13 16:38:23 +0000},
	Publisher = {Interscience, New York},
	Title = {Methods of mathematical physics, vol. 1},
	Year = {1953}}

@book{khersonskii1988quantum,
	Author = {Khersonskii, VK and Moskalev, AN and Varshalovich, DA},
	Date-Added = {2020-08-27 16:29:16 +0000},
	Date-Modified = {2020-08-27 16:29:54 +0000},
	Publisher = {World Scientific},
	Title = {Quantum Theory Of Angular Momemtum},
	Year = {1988}}

@article{olver2020orthogonal,
	Author = {Olver, Sheehan and Xu, Yuan},
	Date-Added = {2020-07-17 12:46:27 +0000},
	Date-Modified = {2020-07-17 12:46:55 +0000},
	Journal = {Mathematics of Computation},
	Title = {Orthogonal polynomials in and on a quadratic surface of revolution},
	Year = {2020}}

@article{snowball2019sparse,
	Author = {Snowball, Ben and Olver, Sheehan},
	Date-Added = {2020-07-14 13:04:26 +0000},
	Date-Modified = {2020-07-14 13:05:34 +0000},
	Journal = {Studies in Applied Mathematics},
	Title = {Sparse spectral and p-finite element methods for partial differential equations on disk slices and trapeziums},
	Year = {2020}}

@article{boyd2005sphere,
	Author = {Boyd, John P},
	Date-Modified = {2019-09-12 13:44:36 +0000},
	Journal = {Journal of Computational Physics},
	Number = {1},
	Pages = {302--310},
	Publisher = {Elsevier},
	Title = {A {C}hebyshev/rational {C}hebyshev spectral method for the {H}elmholtz equation in a sector on the surface of a sphere: defeating corner singularities},
	Volume = {206},
	Year = {2005}}

@article{staniforth2012horizontal,
	Author = {Staniforth, Andrew and Thuburn, John},
	Date-Added = {2019-05-09 12:31:31 +0000},
	Date-Modified = {2019-05-09 12:33:10 +0000},
	Journal = {Quarterly Journal of the Royal Meteorological Society},
	Number = {662},
	Pages = {1--26},
	Read = {0},
	Title = {Horizontal grids for global weather and climate prediction models: a review},
	Volume = {138},
	Year = {2012}}

@article{gautschi1982generating,
	Author = {Gautschi, Walter},
	Date-Added = {2019-05-03 14:12:25 +0000},
	Date-Modified = {2019-05-03 14:15:15 +0000},
	Journal = {SIAM Journal on Scientific and Statistical Computing},
	Number = {3},
	Pages = {289--317},
	Title = {On Generating Orthogonal Polynomials},
	Volume = {3},
	Year = {1982},
	Bdsk-File-1 = {YnBsaXN0MDDUAQIDBAUGBwpYJHZlcnNpb25ZJGFyY2hpdmVyVCR0b3BYJG9iamVjdHMSAAGGoF8QD05TS2V5ZWRBcmNoaXZlctEICVRyb290gAGnCwwXGBkaG1UkbnVsbNMNDg8QExZXTlMua2V5c1pOUy5vYmplY3RzViRjbGFzc6IREoACgAOiFBWABIAFgAZccmVsYXRpdmVQYXRoWWFsaWFzRGF0YV8QOi4uLy4uLy4uLy4uLy4uL1JlYWRpbmcvaGFsZmRpc2svR2VuZXJhdGluZ09Qcy1HYXV0c2NoaS5wZGZPEQGwAAAAAAGwAAIAAAxNYWNpbnRvc2ggSEQAAAAAAAAAAAAAAAAAAAAAAAAAQkQAAf////8aR2VuZXJhdGluZ09Qcy1HYXV0c2NoaS5wZGYAAAAAAAAAAAAAAAAAAAAAAAAAAAAAAAAAAAAAAAAAAAAAAAAA/////wAAAAAAAAAAAAAAAAAFAAMAAAogY3UAAAAAAAAAAAAAAAAACGhhbGZkaXNrAAIATy86VXNlcnM6YnNzMTY6RG9jdW1lbnRzOk1QRS1DRFQ6UGhEOlJlYWRpbmc6aGFsZmRpc2s6R2VuZXJhdGluZ09Qcy1HYXV0c2NoaS5wZGYAAA4ANgAaAEcAZQBuAGUAcgBhAHQAaQBuAGcATwBQAHMALQBHAGEAdQB0AHMAYwBoAGkALgBwAGQAZgAPABoADABNAGEAYwBpAG4AdABvAHMAaAAgAEgARAASAE1Vc2Vycy9ic3MxNi9Eb2N1bWVudHMvTVBFLUNEVC9QaEQvUmVhZGluZy9oYWxmZGlzay9HZW5lcmF0aW5nT1BzLUdhdXRzY2hpLnBkZgAAEwABLwAAFQACAAz//wAA0hwdHh9aJGNsYXNzbmFtZVgkY2xhc3Nlc1xOU0RpY3Rpb25hcnmiHiBYTlNPYmplY3QACAARABoAJAApADIANwBJAEwAUQBTAFsAYQBoAHAAewCCAIUAhwCJAIwAjgCQAJIAnwCpAOYCmgKfAqoCswLAAsMAAAAAAAACAQAAAAAAAAAhAAAAAAAAAAAAAAAAAAACzA==}}

@article{olver2018orthogonal,
	Author = {Olver, Sheehan and Xu, Yuan},
	Journal = {IMA J. Numer. Anal.},
	Title = {Orthogonal Structure on a Quadratic Curve},
	Year = {2020}}

@book{DLMF,
	Author = {Olver, Frank WJ and Lozier, Daniel W and Boisvert, Ronald F and Clark, Charles W},
	Date-Modified = {2019-09-12 13:46:10 +0000},
	Publisher = {Cambridge University Press},
	Title = {{NIST} handbook of mathematical functions},
	Year = {2010}}

@book{dunkl2014orthogonal,
	Author = {Dunkl, Charles F and Xu, Yuan},
	Number = {155},
	Publisher = {Cambridge University Press},
	Title = {{O}rthogonal {P}olynomials of {S}everal {V}ariables},
	Year = {2014}}

@book{efthimiou2014spherical,
	Author = {Efthimiou, Costas and Frye, Christopher},
	Date-Modified = {2019-05-03 14:17:01 +0000},
	Publisher = {World Scientific},
	Title = {Spherical Harmonics in p Dimensions},
	Year = {2014}}

@book{dai2013approximation,
	Author = {Dai, Feng and Xu, Yuan},
	Date-Modified = {2019-05-03 14:17:17 +0000},
	Publisher = {Springer},
	Title = {Approximation Theory and Harmonic Analysis on Spheres and Balls},
	Year = {2013}}

@article{li2010optimal,
	Author = {Li, Huiyuan and Shen, Jie},
	Date-Modified = {2019-09-12 13:45:02 +0000},
	Journal = {Mathematics of Computation},
	Number = {271},
	Pages = {1621--1646},
	Title = {Optimal Error Estimates in {J}acobi-{W}eighted {S}obolev Spaces for Polynomial Approximations on the Triangle},
	Volume = {79},
	Year = {2010}}

@article{FEMShallowWater,
	Author = {Shipton, J and Gibson, TH and Cotter, CJ},
	Doi = {10.1016/j.jcp.2018.08.027},
	Journal = {Journal of Computational Physics},
	Pages = {1121--1137},
	Title = {Higher-order compatible finite element schemes for the nonlinear rotating shallow water equations on the sphere},
	Url = {http://dx.doi.org/10.1016/j.jcp.2018.08.027},
	Volume = {375},
	Year = {2018},
	Bdsk-Url-1 = {http://dx.doi.org/10.1016/j.jcp.2018.08.027}}

@article{DGShallowWater,
	Author = {Bonev, Boris and Hesthaven, Jan S and Giraldo, Francis X and Kopera, Michal A},
	Date-Modified = {2019-09-12 13:45:20 +0000},
	Journal = {Journal of Computational Physics},
	Pages = {425--448},
	Publisher = {Elsevier},
	Title = {Discontinuous {G}alerkin scheme for the spherical shallow water equations with applications to tsunami modeling and prediction},
	Volume = {362},
	Year = {2018}}

@misc{ApproxFun,
	Author = {Olver, Sheehan},
	Howpublished = {\url{https://github.com/JuliaApproximation/ApproxFun.jl}},
	Note = {Accessed: 2018-07-01},
	Title = {{A}pprox{F}un, {J}ulia package},
	Year = 2019}

@article{barrera1985vector,
	Author = {Barrera, Rub{\'e}n G and Estevez, GA and Giraldo, J},
	Date-Modified = {2019-05-03 14:21:16 +0000},
	Journal = {European Journal of Physics},
	Number = {4},
	Pages = {287},
	Title = {{V}ector Spherical Harmonics and their Application to Magnetostatics},
	Volume = {6},
	Year = {1985},
	Bdsk-File-1 = {YnBsaXN0MDDUAQIDBAUGBwpYJHZlcnNpb25ZJGFyY2hpdmVyVCR0b3BYJG9iamVjdHMSAAGGoF8QD05TS2V5ZWRBcmNoaXZlctEICVRyb290gAGnCwwXGBkaG1UkbnVsbNMNDg8QExZXTlMua2V5c1pOUy5vYmplY3RzViRjbGFzc6IREoACgAOiFBWABIAFgAZccmVsYXRpdmVQYXRoWWFsaWFzRGF0YV8QNC4uLy4uLy4uLy4uLy4uL1JlYWRpbmcvaGFsZmRpc2svVmVjdG9yU0gtQmFycmVyYS5wZGZPEQGYAAAAAAGYAAIAAAxNYWNpbnRvc2ggSEQAAAAAAAAAAAAAAAAAAAAAAAAAQkQAAf////8UVmVjdG9yU0gtQmFycmVyYS5wZGYAAAAAAAAAAAAAAAAAAAAAAAAAAAAAAAAAAAAAAAAAAAAAAAAAAAAAAAAA/////wAAAAAAAAAAAAAAAAAFAAMAAAogY3UAAAAAAAAAAAAAAAAACGhhbGZkaXNrAAIASS86VXNlcnM6YnNzMTY6RG9jdW1lbnRzOk1QRS1DRFQ6UGhEOlJlYWRpbmc6aGFsZmRpc2s6VmVjdG9yU0gtQmFycmVyYS5wZGYAAA4AKgAUAFYAZQBjAHQAbwByAFMASAAtAEIAYQByAHIAZQByAGEALgBwAGQAZgAPABoADABNAGEAYwBpAG4AdABvAHMAaAAgAEgARAASAEdVc2Vycy9ic3MxNi9Eb2N1bWVudHMvTVBFLUNEVC9QaEQvUmVhZGluZy9oYWxmZGlzay9WZWN0b3JTSC1CYXJyZXJhLnBkZgAAEwABLwAAFQACAAz//wAA0hwdHh9aJGNsYXNzbmFtZVgkY2xhc3Nlc1xOU0RpY3Rpb25hcnmiHiBYTlNPYmplY3QACAARABoAJAApADIANwBJAEwAUQBTAFsAYQBoAHAAewCCAIUAhwCJAIwAjgCQAJIAnwCpAOACfAKBAowClQKiAqUAAAAAAAACAQAAAAAAAAAhAAAAAAAAAAAAAAAAAAACrg==}}

@article{wedi2013fast,
	Author = {Wedi, Nils P and Hamrud, Mats and Mozdzynski, George},
	Date-Modified = {2019-09-12 13:45:33 +0000},
	Journal = {Monthly Weather Review},
	Number = {10},
	Pages = {3450--3461},
	Title = {A Fast Spherical Harmonics Transform for Global {NWP} and Climate Models},
	Volume = {141},
	Year = {2013}}

@article{huybrechs2010fourier,
	Author = {Huybrechs, Daan},
	Date-Modified = {2019-09-12 13:45:40 +0000},
	Journal = {SIAM Journal on Numerical Analysis},
	Number = {6},
	Pages = {4326--4355},
	Publisher = {SIAM},
	Title = {On the {F}ourier Extension of Nonperiodic Functions},
	Volume = {47},
	Year = {2010}}

@article{beuchler2006new,
	Author = {Beuchler, Sven and Schoeberl, Joachim},
	Date-Modified = {2019-09-12 13:45:50 +0000},
	Journal = {Numerische Mathematik},
	Number = {3},
	Pages = {339--366},
	Publisher = {Springer},
	Title = {New Shape Functions for Triangular p-{FEM} using Integrated {J}acobi Polynomials},
	Volume = {103},
	Year = {2006}}

@article{magnus1995painleve,
	Author = {Magnus, Alphonse P},
	Date-Modified = {2019-09-12 13:45:56 +0000},
	Journal = {Journal of Computational and Applied Mathematics},
	Number = {1-2},
	Pages = {215--237},
	Publisher = {Elsevier},
	Title = {{P}ainlev{\'e}-Type Differential Equations for the Recurrence Coefficients of Semi-Classical Orthogonal Polynomials},
	Volume = {57},
	Year = {1995}}

@article{olver2019triangle,
	Author = {Olver, Sheehan and Townsend, Alex and Vasil, Geoff},
	Date-Modified = {2020-10-16 14:28:33 +0000},
	Journal = {SIAM J. Sci. Comput.},
	Number = {6},
	Pages = {A3728--A3756},
	Title = {A Sparse Spectral Method on Triangles},
	Volume = {41},
	Year = {2019}}

@inproceedings{olver2018recurrence,
	Author = {Olver, Sheehan and Townsend, Alex and Vasil, Geoff},
	Booktitle = {ICOSAHOM 2018 Proceedings},
	Date-Modified = {2019-05-03 14:18:27 +0000},
	Title = {Recurrence Relations for Orthogonal Polynomials on a Triangle},
	Year = {2018},
	Bdsk-File-1 = {YnBsaXN0MDDUAQIDBAUGBwpYJHZlcnNpb25ZJGFyY2hpdmVyVCR0b3BYJG9iamVjdHMSAAGGoF8QD05TS2V5ZWRBcmNoaXZlctEICVRyb290gAGnCwwXGBkaG1UkbnVsbNMNDg8QExZXTlMua2V5c1pOUy5vYmplY3RzViRjbGFzc6IREoACgAOiFBWABIAFgAZccmVsYXRpdmVQYXRoWWFsaWFzRGF0YV8QPy4uLy4uLy4uLy4uLy4uL1JlYWRpbmcvaGFsZmRpc2svUmVjdXJyZW5jZU9Qc1RyaWFuZ2xlLU9sdmVyLnBkZk8RAcIAAAAAAcIAAgAADE1hY2ludG9zaCBIRAAAAAAAAAAAAAAAAAAAAAAAAABCRAAB/////x9SZWN1cnJlbmNlT1BzVHJpYW5nbGUtT2x2ZXIucGRmAAAAAAAAAAAAAAAAAAAAAAAAAAAAAAAAAAAAAAAAAAD/////AAAAAAAAAAAAAAAAAAUAAwAACiBjdQAAAAAAAAAAAAAAAAAIaGFsZmRpc2sAAgBULzpVc2Vyczpic3MxNjpEb2N1bWVudHM6TVBFLUNEVDpQaEQ6UmVhZGluZzpoYWxmZGlzazpSZWN1cnJlbmNlT1BzVHJpYW5nbGUtT2x2ZXIucGRmAA4AQAAfAFIAZQBjAHUAcgByAGUAbgBjAGUATwBQAHMAVAByAGkAYQBuAGcAbABlAC0ATwBsAHYAZQByAC4AcABkAGYADwAaAAwATQBhAGMAaQBuAHQAbwBzAGgAIABIAEQAEgBSVXNlcnMvYnNzMTYvRG9jdW1lbnRzL01QRS1DRFQvUGhEL1JlYWRpbmcvaGFsZmRpc2svUmVjdXJyZW5jZU9Qc1RyaWFuZ2xlLU9sdmVyLnBkZgATAAEvAAAVAAIADP//AADSHB0eH1okY2xhc3NuYW1lWCRjbGFzc2VzXE5TRGljdGlvbmFyeaIeIFhOU09iamVjdAAIABEAGgAkACkAMgA3AEkATABRAFMAWwBhAGgAcAB7AIIAhQCHAIkAjACOAJAAkgCfAKkA6wKxArYCwQLKAtcC2gAAAAAAAAIBAAAAAAAAACEAAAAAAAAAAAAAAAAAAALj}}

@article{olver2013fast,
	Author = {Olver, Sheehan and Townsend, Alex},
	Date-Modified = {2019-05-03 14:18:11 +0000},
	Journal = {SIAM Review},
	Number = {3},
	Pages = {462--489},
	Publisher = {SIAM},
	Title = {A Fast and Well-Conditioned Spectral Method},
	Volume = {55},
	Year = {2013}}

@book{karniadakis2013spectral,
	Author = {Karniadakis, George and Sherwin, Spencer},
	Date-Modified = {2019-04-08 13:58:37 +0000},
	Publisher = {Oxford University Press},
	Title = {Spectral/hp Element Methods for Computational Fluid Dynamics},
	Year = {2013}}

@article{vasil2016tensor,
	Author = {Vasil, Geoffrey M and Burns, Keaton J and Lecoanet, Daniel and Olver, Sheehan and Brown, Benjamin P and Oishi, Jeffrey S},
	Date-Modified = {2019-09-12 13:46:04 +0000},
	Journal = {Journal of Computational Physics},
	Pages = {53--73},
	Publisher = {Elsevier},
	Title = {Tensor calculus in polar coordinates using {J}acobi polynomials},
	Volume = {325},
	Year = {2016}}
