%% This BibTeX bibliography file was created using BibDesk.
%% http://bibdesk.sourceforge.net/

%% Created for Ben Snowball at 2019-09-12 14:46:10 +0100 


%% Saved with string encoding Unicode (UTF-8) 



@article{boyd2005sphere,
	Author = {Boyd, John P},
	Date-Modified = {2019-09-12 13:44:36 +0000},
	Journal = {Journal of Computational Physics},
	Number = {1},
	Pages = {302--310},
	Publisher = {Elsevier},
	Title = {A {C}hebyshev/rational {C}hebyshev spectral method for the {H}elmholtz equation in a sector on the surface of a sphere: defeating corner singularities},
	Volume = {206},
	Year = {2005}}

@article{staniforth2012horizontal,
	Author = {Staniforth, Andrew and Thuburn, John},
	Date-Added = {2019-05-09 12:31:31 +0000},
	Date-Modified = {2019-05-09 12:33:10 +0000},
	Journal = {Quarterly Journal of the Royal Meteorological Society},
	Number = {662},
	Pages = {1--26},
	Read = {0},
	Title = {Horizontal grids for global weather and climate prediction models: a review},
	Volume = {138},
	Year = {2012}}

@article{gautschi1982generating,
	Author = {Gautschi, Walter},
	Date-Added = {2019-05-03 14:12:25 +0000},
	Date-Modified = {2019-05-03 14:15:15 +0000},
	Journal = {SIAM Journal on Scientific and Statistical Computing},
	Number = {3},
	Pages = {289--317},
	Title = {On Generating Orthogonal Polynomials},
	Volume = {3},
	Year = {1982},
	Bdsk-File-1 = {YnBsaXN0MDDUAQIDBAUGJCVYJHZlcnNpb25YJG9iamVjdHNZJGFyY2hpdmVyVCR0b3ASAAGGoKgHCBMUFRYaIVUkbnVsbNMJCgsMDxJXTlMua2V5c1pOUy5vYmplY3RzViRjbGFzc6INDoACgAOiEBGABIAFgAdccmVsYXRpdmVQYXRoWWFsaWFzRGF0YV8QOi4uLy4uLy4uLy4uLy4uL1JlYWRpbmcvaGFsZmRpc2svR2VuZXJhdGluZ09Qcy1HYXV0c2NoaS5wZGbSFwsYGVdOUy5kYXRhTxEBsAAAAAABsAACAAAMTWFjaW50b3NoIEhEAAAAAAAAAAAAAAAAAAAAAAAAAEJEAAH/////GkdlbmVyYXRpbmdPUHMtR2F1dHNjaGkucGRmAAAAAAAAAAAAAAAAAAAAAAAAAAAAAAAAAAAAAAAAAAAAAAAAAP////8AAAAAAAAAAAAAAAAABQADAAAKIGN1AAAAAAAAAAAAAAAAAAhoYWxmZGlzawACAE8vOlVzZXJzOmJzczE2OkRvY3VtZW50czpNUEUtQ0RUOlBoRDpSZWFkaW5nOmhhbGZkaXNrOkdlbmVyYXRpbmdPUHMtR2F1dHNjaGkucGRmAAAOADYAGgBHAGUAbgBlAHIAYQB0AGkAbgBnAE8AUABzAC0ARwBhAHUAdABzAGMAaABpAC4AcABkAGYADwAaAAwATQBhAGMAaQBuAHQAbwBzAGgAIABIAEQAEgBNVXNlcnMvYnNzMTYvRG9jdW1lbnRzL01QRS1DRFQvUGhEL1JlYWRpbmcvaGFsZmRpc2svR2VuZXJhdGluZ09Qcy1HYXV0c2NoaS5wZGYAABMAAS8AABUAAgAM//8AAIAG0hscHR5aJGNsYXNzbmFtZVgkY2xhc3Nlc11OU011dGFibGVEYXRhox0fIFZOU0RhdGFYTlNPYmplY3TSGxwiI1xOU0RpY3Rpb25hcnmiIiBfEA9OU0tleWVkQXJjaGl2ZXLRJidUcm9vdIABAAgAEQAaACMALQAyADcAQABGAE0AVQBgAGcAagBsAG4AcQBzAHUAdwCEAI4AywDQANgCjAKOApMCngKnArUCuQLAAskCzgLbAt4C8ALzAvgAAAAAAAACAQAAAAAAAAAoAAAAAAAAAAAAAAAAAAAC+g==}}

@article{olver2018orthogonal,
	Author = {Olver, Sheehan and Xu, Yuan},
	Journal = {IMA J. Numer. Anal.},
	Title = {Orthogonal Structure on a Quadratic Curve},
	Year = {2020}}

@book{DLMF,
	Author = {Olver, Frank WJ and Lozier, Daniel W and Boisvert, Ronald F and Clark, Charles W},
	Date-Modified = {2019-09-12 13:46:10 +0000},
	Publisher = {Cambridge University Press},
	Title = {{NIST} handbook of mathematical functions},
	Year = {2010}}

@book{dunkl2014orthogonal,
	Author = {Dunkl, Charles F and Xu, Yuan},
	Number = {155},
	Publisher = {Cambridge University Press},
	Title = {{O}rthogonal {P}olynomials of {S}everal {V}ariables},
	Year = {2014}}

@book{efthimiou2014spherical,
	Author = {Efthimiou, Costas and Frye, Christopher},
	Date-Modified = {2019-05-03 14:17:01 +0000},
	Publisher = {World Scientific},
	Title = {Spherical Harmonics in p Dimensions},
	Year = {2014}}

@book{dai2013approximation,
	Author = {Dai, Feng and Xu, Yuan},
	Date-Modified = {2019-05-03 14:17:17 +0000},
	Publisher = {Springer},
	Title = {Approximation Theory and Harmonic Analysis on Spheres and Balls},
	Year = {2013}}

@article{li2010optimal,
	Author = {Li, Huiyuan and Shen, Jie},
	Date-Modified = {2019-09-12 13:45:02 +0000},
	Journal = {Mathematics of Computation},
	Number = {271},
	Pages = {1621--1646},
	Title = {Optimal Error Estimates in {J}acobi-{W}eighted {S}obolev Spaces for Polynomial Approximations on the Triangle},
	Volume = {79},
	Year = {2010}}

@article{FEMShallowWater,
	Author = {Shipton, J and Gibson, TH and Cotter, CJ},
	Doi = {10.1016/j.jcp.2018.08.027},
	Journal = {Journal of Computational Physics},
	Pages = {1121--1137},
	Title = {Higher-order compatible finite element schemes for the nonlinear rotating shallow water equations on the sphere},
	Url = {http://dx.doi.org/10.1016/j.jcp.2018.08.027},
	Volume = {375},
	Year = {2018},
	Bdsk-Url-1 = {http://dx.doi.org/10.1016/j.jcp.2018.08.027}}

@article{DGShallowWater,
	Author = {Bonev, Boris and Hesthaven, Jan S and Giraldo, Francis X and Kopera, Michal A},
	Date-Modified = {2019-09-12 13:45:20 +0000},
	Journal = {Journal of Computational Physics},
	Pages = {425--448},
	Publisher = {Elsevier},
	Title = {Discontinuous {G}alerkin scheme for the spherical shallow water equations with applications to tsunami modeling and prediction},
	Volume = {362},
	Year = {2018}}

@misc{ApproxFun,
	Author = {Olver, Sheehan},
	Howpublished = {\url{https://github.com/JuliaApproximation/ApproxFun.jl}},
	Note = {Accessed: 2018-07-01},
	Title = {{A}pprox{F}un, {J}ulia package},
	Year = 2019}

@article{barrera1985vector,
	Author = {Barrera, Rub{\'e}n G and Estevez, GA and Giraldo, J},
	Date-Modified = {2019-05-03 14:21:16 +0000},
	Journal = {European Journal of Physics},
	Number = {4},
	Pages = {287},
	Title = {{V}ector Spherical Harmonics and their Application to Magnetostatics},
	Volume = {6},
	Year = {1985},
	Bdsk-File-1 = {YnBsaXN0MDDUAQIDBAUGJCVYJHZlcnNpb25YJG9iamVjdHNZJGFyY2hpdmVyVCR0b3ASAAGGoKgHCBMUFRYaIVUkbnVsbNMJCgsMDxJXTlMua2V5c1pOUy5vYmplY3RzViRjbGFzc6INDoACgAOiEBGABIAFgAdccmVsYXRpdmVQYXRoWWFsaWFzRGF0YV8QNC4uLy4uLy4uLy4uLy4uL1JlYWRpbmcvaGFsZmRpc2svVmVjdG9yU0gtQmFycmVyYS5wZGbSFwsYGVdOUy5kYXRhTxEBmAAAAAABmAACAAAMTWFjaW50b3NoIEhEAAAAAAAAAAAAAAAAAAAAAAAAAEJEAAH/////FFZlY3RvclNILUJhcnJlcmEucGRmAAAAAAAAAAAAAAAAAAAAAAAAAAAAAAAAAAAAAAAAAAAAAAAAAAAAAAAAAP////8AAAAAAAAAAAAAAAAABQADAAAKIGN1AAAAAAAAAAAAAAAAAAhoYWxmZGlzawACAEkvOlVzZXJzOmJzczE2OkRvY3VtZW50czpNUEUtQ0RUOlBoRDpSZWFkaW5nOmhhbGZkaXNrOlZlY3RvclNILUJhcnJlcmEucGRmAAAOACoAFABWAGUAYwB0AG8AcgBTAEgALQBCAGEAcgByAGUAcgBhAC4AcABkAGYADwAaAAwATQBhAGMAaQBuAHQAbwBzAGgAIABIAEQAEgBHVXNlcnMvYnNzMTYvRG9jdW1lbnRzL01QRS1DRFQvUGhEL1JlYWRpbmcvaGFsZmRpc2svVmVjdG9yU0gtQmFycmVyYS5wZGYAABMAAS8AABUAAgAM//8AAIAG0hscHR5aJGNsYXNzbmFtZVgkY2xhc3Nlc11OU011dGFibGVEYXRhox0fIFZOU0RhdGFYTlNPYmplY3TSGxwiI1xOU0RpY3Rpb25hcnmiIiBfEA9OU0tleWVkQXJjaGl2ZXLRJidUcm9vdIABAAgAEQAaACMALQAyADcAQABGAE0AVQBgAGcAagBsAG4AcQBzAHUAdwCEAI4AxQDKANICbgJwAnUCgAKJApcCmwKiAqsCsAK9AsAC0gLVAtoAAAAAAAACAQAAAAAAAAAoAAAAAAAAAAAAAAAAAAAC3A==}}

@article{wedi2013fast,
	Author = {Wedi, Nils P and Hamrud, Mats and Mozdzynski, George},
	Date-Modified = {2019-09-12 13:45:33 +0000},
	Journal = {Monthly Weather Review},
	Number = {10},
	Pages = {3450--3461},
	Title = {A Fast Spherical Harmonics Transform for Global {NWP} and Climate Models},
	Volume = {141},
	Year = {2013}}

@article{huybrechs2010fourier,
	Author = {Huybrechs, Daan},
	Date-Modified = {2019-09-12 13:45:40 +0000},
	Journal = {SIAM Journal on Numerical Analysis},
	Number = {6},
	Pages = {4326--4355},
	Publisher = {SIAM},
	Title = {On the {F}ourier Extension of Nonperiodic Functions},
	Volume = {47},
	Year = {2010}}

@article{beuchler2006new,
	Author = {Beuchler, Sven and Schoeberl, Joachim},
	Date-Modified = {2019-09-12 13:45:50 +0000},
	Journal = {Numerische Mathematik},
	Number = {3},
	Pages = {339--366},
	Publisher = {Springer},
	Title = {New Shape Functions for Triangular p-{FEM} using Integrated {J}acobi Polynomials},
	Volume = {103},
	Year = {2006}}

@article{magnus1995painleve,
	Author = {Magnus, Alphonse P},
	Date-Modified = {2019-09-12 13:45:56 +0000},
	Journal = {Journal of Computational and Applied Mathematics},
	Number = {1-2},
	Pages = {215--237},
	Publisher = {Elsevier},
	Title = {{P}ainlev{\'e}-Type Differential Equations for the Recurrence Coefficients of Semi-Classical Orthogonal Polynomials},
	Volume = {57},
	Year = {1995}}

@article{olver2019triangle,
	Author = {Olver, Sheehan and Townsend, Alex and Vasil, Geoff},
	Journal = {SIAM J. Sci. Comput.},
	Title = {A Sparse Spectral Method on Triangles},
	Year = {2019}}

@inproceedings{olver2018recurrence,
	Author = {Olver, Sheehan and Townsend, Alex and Vasil, Geoff},
	Booktitle = {ICOSAHOM 2018 Proceedings},
	Date-Modified = {2019-05-03 14:18:27 +0000},
	Title = {Recurrence Relations for Orthogonal Polynomials on a Triangle},
	Year = {2018},
	Bdsk-File-1 = {YnBsaXN0MDDUAQIDBAUGJCVYJHZlcnNpb25YJG9iamVjdHNZJGFyY2hpdmVyVCR0b3ASAAGGoKgHCBMUFRYaIVUkbnVsbNMJCgsMDxJXTlMua2V5c1pOUy5vYmplY3RzViRjbGFzc6INDoACgAOiEBGABIAFgAdccmVsYXRpdmVQYXRoWWFsaWFzRGF0YV8QPy4uLy4uLy4uLy4uLy4uL1JlYWRpbmcvaGFsZmRpc2svUmVjdXJyZW5jZU9Qc1RyaWFuZ2xlLU9sdmVyLnBkZtIXCxgZV05TLmRhdGFPEQHCAAAAAAHCAAIAAAxNYWNpbnRvc2ggSEQAAAAAAAAAAAAAAAAAAAAAAAAAQkQAAf////8fUmVjdXJyZW5jZU9Qc1RyaWFuZ2xlLU9sdmVyLnBkZgAAAAAAAAAAAAAAAAAAAAAAAAAAAAAAAAAAAAAAAAAA/////wAAAAAAAAAAAAAAAAAFAAMAAAogY3UAAAAAAAAAAAAAAAAACGhhbGZkaXNrAAIAVC86VXNlcnM6YnNzMTY6RG9jdW1lbnRzOk1QRS1DRFQ6UGhEOlJlYWRpbmc6aGFsZmRpc2s6UmVjdXJyZW5jZU9Qc1RyaWFuZ2xlLU9sdmVyLnBkZgAOAEAAHwBSAGUAYwB1AHIAcgBlAG4AYwBlAE8AUABzAFQAcgBpAGEAbgBnAGwAZQAtAE8AbAB2AGUAcgAuAHAAZABmAA8AGgAMAE0AYQBjAGkAbgB0AG8AcwBoACAASABEABIAUlVzZXJzL2JzczE2L0RvY3VtZW50cy9NUEUtQ0RUL1BoRC9SZWFkaW5nL2hhbGZkaXNrL1JlY3VycmVuY2VPUHNUcmlhbmdsZS1PbHZlci5wZGYAEwABLwAAFQACAAz//wAAgAbSGxwdHlokY2xhc3NuYW1lWCRjbGFzc2VzXU5TTXV0YWJsZURhdGGjHR8gVk5TRGF0YVhOU09iamVjdNIbHCIjXE5TRGljdGlvbmFyeaIiIF8QD05TS2V5ZWRBcmNoaXZlctEmJ1Ryb290gAEACAARABoAIwAtADIANwBAAEYATQBVAGAAZwBqAGwAbgBxAHMAdQB3AIQAjgDQANUA3QKjAqUCqgK1Ar4CzALQAtcC4ALlAvIC9QMHAwoDDwAAAAAAAAIBAAAAAAAAACgAAAAAAAAAAAAAAAAAAAMR}}

@article{olver2013fast,
	Author = {Olver, Sheehan and Townsend, Alex},
	Date-Modified = {2019-05-03 14:18:11 +0000},
	Journal = {SIAM Review},
	Number = {3},
	Pages = {462--489},
	Publisher = {SIAM},
	Title = {A Fast and Well-Conditioned Spectral Method},
	Volume = {55},
	Year = {2013}}

@book{karniadakis2013spectral,
	Author = {Karniadakis, George and Sherwin, Spencer},
	Date-Modified = {2019-04-08 13:58:37 +0000},
	Publisher = {Oxford University Press},
	Title = {Spectral/hp Element Methods for Computational Fluid Dynamics},
	Year = {2013}}

@article{vasil2016tensor,
	Author = {Vasil, Geoffrey M and Burns, Keaton J and Lecoanet, Daniel and Olver, Sheehan and Brown, Benjamin P and Oishi, Jeffrey S},
	Date-Modified = {2019-09-12 13:46:04 +0000},
	Journal = {Journal of Computational Physics},
	Pages = {53--73},
	Publisher = {Elsevier},
	Title = {Tensor calculus in polar coordinates using {J}acobi polynomials},
	Volume = {325},
	Year = {2016}}
