@misc{DLMFJacobiDerivative,
  title = {{DLMF}, {D}igital {L}ibrary of {M}athematical {F}unctions},
  howpublished = {\url{http://dlmf.nist.gov/18.9.E15}},
  note = {Accessed: 2018-07-01}
}

@misc{DLMFSphericalandSpheroidalHarmonics,
  title = {{DLMF}, {D}igital {L}ibrary of {M}athematical {F}unctions},
  howpublished = {\url{http://dlmf.nist.gov/14.30.E1}},
  note = {Accessed: 2018-07-01}
}

@misc{DLMFFerrers,
  title = {{DLMF}, {D}igital {L}ibrary of {M}athematical {F}unctions},
  howpublished = {\url{http://dlmf.nist.gov/14.3.E1}},
  note = {Accessed: 2018-07-01}
}

@misc{DLMFAssociatedLegendre,
  title = {{DLMF}, {D}igital {L}ibrary of {M}athematical {F}unctions},
  howpublished = {\url{http://dlmf.nist.gov/14.3.E6}},
  note = {Accessed: 2018-07-01}
}

@misc{DLMFJacobiRecurrence,
  title = {{DLMF}, {D}igital {L}ibrary of {M}athematical {F}unctions},
  howpublished = {\url{http://dlmf.nist.gov/18.9.E6}},
  note = {Accessed: 2018-07-01}
}

@misc{DLMFUltraJacobi,
  title = {{DLMF}, {D}igital {L}ibrary of {M}athematical {F}unctions},
  howpublished = {\url{http://dlmf.nist.gov/18.7.E2}},
  note = {Accessed: 2018-07-01}
}

@misc{DLMFUltraRecurrence,
  title = {{DLMF}, {D}igital {L}ibrary of {M}athematical {F}unctions},
  howpublished = {\url{http://dlmf.nist.gov/18.9.E7}},
  note = {Accessed: 2018-07-01}
}

@misc{DLMFUltraRecurrence2,
  title = {{DLMF}, {D}igital {L}ibrary of {M}athematical {F}unctions},
  howpublished = {\url{http://dlmf.nist.gov/18.9.E8}},
  note = {Accessed: 2018-07-01}
}



@book{dunkl2014orthogonal,
  title={{O}rthogonal {P}olynomials of {S}everal {V}ariables},
  author={Dunkl, Charles F and Xu, Yuan},
  number={155},
  year={2014},
  publisher={Cambridge University Press}
}

@misc{ApproxFun,
  title = {{A}pprox{F}un, {J}ulia package},
  author={Olver, Sheehan},
  howpublished = {\url{https://github.com/JuliaApproximation/ApproxFun.jl}},
  note = {Accessed: 2018-07-01}
}


