%% This BibTeX bibliography file was created using BibDesk.
%% https://bibdesk.sourceforge.io/

%% Created for Sheehan Olver at 2021-05-05 22:25:42 +0100 


%% Saved with string encoding Unicode (UTF-8) 



@article{cite-key,
	date-added = {2021-05-05 22:18:25 +0100},
	date-modified = {2021-05-05 22:18:25 +0100}}

@article{slevinsky2018use,
	author = {Slevinsky, Richard Mika{\"e}l},
	date-added = {2021-04-15 16:24:42 +0000},
	date-modified = {2021-05-05 22:25:41 +0100},
	journal = {IMA Journal of Numerical Analysis},
	number = {1},
	pages = {102--124},
	title = {On the use of Hahn's asymptotic formula and stabilized recurrence for a fast, simple and stable {C}hebyshev--{J}acobi transform},
	volume = {38},
	year = {2018}}

@article{slevinsky2019fast,
	author = {Slevinsky, Richard Mika{\"e}l},
	journal = {Applied and Computational Harmonic Analysis},
	number = {3},
	pages = {585--606},
	publisher = {Elsevier},
	title = {Fast and backward stable transforms between spherical harmonic expansions and bivariate Fourier series},
	volume = {47},
	year = {2019}}

@article{macdonald2008level,
	author = {Macdonald, Colin B and Ruuth, Steven J},
	date-added = {2021-04-15 16:15:45 +0000},
	date-modified = {2021-04-15 16:16:18 +0000},
	journal = {Journal of Scientific Computing},
	number = {2},
	pages = {219--240},
	title = {Level set equations on surfaces via the Closest Point Method},
	volume = {35},
	year = {2008}}

@article{macdonald2010implicit,
	author = {Macdonald, Colin B and Ruuth, Steven J},
	date-added = {2021-04-15 16:14:46 +0000},
	date-modified = {2021-04-15 16:15:26 +0000},
	journal = {SIAM Journal on Scientific Computing},
	number = {6},
	pages = {4330--4350},
	title = {The implicit closest point method for the numerical solution of partial differential equations on surfaces},
	volume = {31},
	year = {2010}}

@article{olver2020orthogonal,
	author = {Olver, Sheehan and Xu, Yuan},
	date-added = {2020-07-17 12:46:27 +0000},
	date-modified = {2020-07-17 12:46:55 +0000},
	journal = {Mathematics of Computation},
	pages = {2847--2865},
	title = {Orthogonal polynomials in and on a quadratic surface of revolution},
	volume = {89},
	year = {2020}}

@article{snowball2019sparse,
	author = {Snowball, Ben and Olver, Sheehan},
	date-added = {2020-07-14 13:04:26 +0000},
	date-modified = {2020-07-14 13:05:34 +0000},
	journal = {Studies in Applied Mathematics},
	pages = {3--35},
	title = {Sparse spectral and p-finite element methods for partial differential equations on disk slices and trapeziums},
	volume = {145},
	year = {2020}}

@article{boyd2005sphere,
	author = {Boyd, John P},
	date-modified = {2019-09-12 13:44:36 +0000},
	journal = {Journal of Computational Physics},
	number = {1},
	pages = {302--310},
	publisher = {Elsevier},
	title = {A {C}hebyshev/rational {C}hebyshev spectral method for the {H}elmholtz equation in a sector on the surface of a sphere: defeating corner singularities},
	volume = {206},
	year = {2005}}

@article{staniforth2012horizontal,
	author = {Staniforth, Andrew and Thuburn, John},
	date-added = {2019-05-09 12:31:31 +0000},
	date-modified = {2019-05-09 12:33:10 +0000},
	journal = {Quarterly Journal of the Royal Meteorological Society},
	number = {662},
	pages = {1--26},
	read = {0},
	title = {Horizontal grids for global weather and climate prediction models: a review},
	volume = {138},
	year = {2012}}

@article{gautschi1982generating,
	author = {Gautschi, Walter},
	date-added = {2019-05-03 14:12:25 +0000},
	date-modified = {2019-05-03 14:15:15 +0000},
	journal = {SIAM Journal on Scientific and Statistical Computing},
	number = {3},
	pages = {289--317},
	title = {On Generating Orthogonal Polynomials},
	volume = {3},
	year = {1982},
	Bdsk-File-1 = {YnBsaXN0MDDSAQIDBFxyZWxhdGl2ZVBhdGhZYWxpYXNEYXRhXxA3Li4vLi4vLi4vLi4vUmVhZGluZy9oYWxmZGlzay9HZW5lcmF0aW5nT1BzLUdhdXRzY2hpLnBkZk8RAbAAAAAAAbAAAgAADE1hY2ludG9zaCBIRAAAAAAAAAAAAAAAAAAAAAAAAABCRAAB/////xpHZW5lcmF0aW5nT1BzLUdhdXRzY2hpLnBkZgAAAAAAAAAAAAAAAAAAAAAAAAAAAAAAAAAAAAAAAAAAAAAAAAD/////AAAAAAAAAAAAAAAAAAQAAwAACiBjdQAAAAAAAAAAAAAAAAAIaGFsZmRpc2sAAgBPLzpVc2Vyczpic3MxNjpEb2N1bWVudHM6TVBFLUNEVDpQaEQ6UmVhZGluZzpoYWxmZGlzazpHZW5lcmF0aW5nT1BzLUdhdXRzY2hpLnBkZgAADgA2ABoARwBlAG4AZQByAGEAdABpAG4AZwBPAFAAcwAtAEcAYQB1AHQAcwBjAGgAaQAuAHAAZABmAA8AGgAMAE0AYQBjAGkAbgB0AG8AcwBoACAASABEABIATVVzZXJzL2JzczE2L0RvY3VtZW50cy9NUEUtQ0RUL1BoRC9SZWFkaW5nL2hhbGZkaXNrL0dlbmVyYXRpbmdPUHMtR2F1dHNjaGkucGRmAAATAAEvAAAVAAIADP//AAAACAANABoAJABeAAAAAAAAAgEAAAAAAAAABQAAAAAAAAAAAAAAAAAAAhI=}}

@article{olver2018orthogonal,
	author = {Olver, Sheehan and Xu, Yuan},
	journal = {IMA J. Numer. Anal.},
	title = {Orthogonal Structure on a Quadratic Curve},
	year = {2020}}

@book{DLMF,
	author = {Olver, Frank WJ and Lozier, Daniel W and Boisvert, Ronald F and Clark, Charles W},
	date-modified = {2019-09-12 13:46:10 +0000},
	publisher = {Cambridge University Press},
	title = {{NIST} {H}andbook of {M}athematical {F}unctions},
	year = {2010}}

@book{dunkl2014orthogonal,
	author = {Dunkl, Charles F and Xu, Yuan},
	number = {155},
	publisher = {Cambridge University Press},
	title = {{O}rthogonal {P}olynomials of {S}everal {V}ariables},
	year = {2014}}

@book{efthimiou2014spherical,
	author = {Efthimiou, Costas and Frye, Christopher},
	date-modified = {2019-05-03 14:17:01 +0000},
	publisher = {World Scientific},
	title = {Spherical Harmonics in p Dimensions},
	year = {2014}}

@book{dai2013approximation,
	author = {Dai, Feng and Xu, Yuan},
	date-modified = {2019-05-03 14:17:17 +0000},
	publisher = {Springer},
	title = {Approximation Theory and Harmonic Analysis on Spheres and Balls},
	year = {2013}}

@article{li2010optimal,
	author = {Li, Huiyuan and Shen, Jie},
	date-modified = {2019-09-12 13:45:02 +0000},
	journal = {Mathematics of Computation},
	number = {271},
	pages = {1621--1646},
	title = {Optimal Error Estimates in {J}acobi-{W}eighted {S}obolev Spaces for Polynomial Approximations on the Triangle},
	volume = {79},
	year = {2010}}

@article{FEMShallowWater,
	author = {Shipton, J and Gibson, TH and Cotter, CJ},
	doi = {10.1016/j.jcp.2018.08.027},
	journal = {Journal of Computational Physics},
	pages = {1121--1137},
	title = {Higher-order compatible finite element schemes for the nonlinear rotating shallow water equations on the sphere},
	url = {http://dx.doi.org/10.1016/j.jcp.2018.08.027},
	volume = {375},
	year = {2018},
	Bdsk-Url-1 = {http://dx.doi.org/10.1016/j.jcp.2018.08.027}}

@article{DGShallowWater,
	author = {Bonev, Boris and Hesthaven, Jan S and Giraldo, Francis X and Kopera, Michal A},
	date-modified = {2019-09-12 13:45:20 +0000},
	journal = {Journal of Computational Physics},
	pages = {425--448},
	publisher = {Elsevier},
	title = {Discontinuous {G}alerkin scheme for the spherical shallow water equations with applications to tsunami modeling and prediction},
	volume = {362},
	year = {2018}}

@misc{ApproxFun,
	author = {Olver, Sheehan},
	date-modified = {2021-05-05 22:25:13 +0100},
	howpublished = {\url{https://github.com/JuliaApproximation/ApproxFun.jl}},
	title = {{A}pprox{F}un.jl v0.12, {J}ulia package},
	year = 2019}

@article{barrera1985vector,
	author = {Barrera, Rub{\'e}n G and Estevez, GA and Giraldo, J},
	date-modified = {2019-05-03 14:21:16 +0000},
	journal = {European Journal of Physics},
	number = {4},
	pages = {287},
	title = {{V}ector Spherical Harmonics and their Application to Magnetostatics},
	volume = {6},
	year = {1985},
	Bdsk-File-1 = {YnBsaXN0MDDSAQIDBFxyZWxhdGl2ZVBhdGhZYWxpYXNEYXRhXxAxLi4vLi4vLi4vLi4vUmVhZGluZy9oYWxmZGlzay9WZWN0b3JTSC1CYXJyZXJhLnBkZk8RAZgAAAAAAZgAAgAADE1hY2ludG9zaCBIRAAAAAAAAAAAAAAAAAAAAAAAAABCRAAB/////xRWZWN0b3JTSC1CYXJyZXJhLnBkZgAAAAAAAAAAAAAAAAAAAAAAAAAAAAAAAAAAAAAAAAAAAAAAAAAAAAAAAAD/////AAAAAAAAAAAAAAAAAAQAAwAACiBjdQAAAAAAAAAAAAAAAAAIaGFsZmRpc2sAAgBJLzpVc2Vyczpic3MxNjpEb2N1bWVudHM6TVBFLUNEVDpQaEQ6UmVhZGluZzpoYWxmZGlzazpWZWN0b3JTSC1CYXJyZXJhLnBkZgAADgAqABQAVgBlAGMAdABvAHIAUwBIAC0AQgBhAHIAcgBlAHIAYQAuAHAAZABmAA8AGgAMAE0AYQBjAGkAbgB0AG8AcwBoACAASABEABIAR1VzZXJzL2JzczE2L0RvY3VtZW50cy9NUEUtQ0RUL1BoRC9SZWFkaW5nL2hhbGZkaXNrL1ZlY3RvclNILUJhcnJlcmEucGRmAAATAAEvAAAVAAIADP//AAAACAANABoAJABYAAAAAAAAAgEAAAAAAAAABQAAAAAAAAAAAAAAAAAAAfQ=}}

@article{wedi2013fast,
	author = {Wedi, Nils P and Hamrud, Mats and Mozdzynski, George},
	date-modified = {2019-09-12 13:45:33 +0000},
	journal = {Monthly Weather Review},
	number = {10},
	pages = {3450--3461},
	title = {A Fast Spherical Harmonics Transform for Global {NWP} and Climate Models},
	volume = {141},
	year = {2013}}

@article{huybrechs2010fourier,
	author = {Huybrechs, Daan},
	date-modified = {2019-09-12 13:45:40 +0000},
	journal = {SIAM Journal on Numerical Analysis},
	number = {6},
	pages = {4326--4355},
	publisher = {SIAM},
	title = {On the {F}ourier Extension of Nonperiodic Functions},
	volume = {47},
	year = {2010}}

@article{beuchler2006new,
	author = {Beuchler, Sven and Schoeberl, Joachim},
	date-modified = {2019-09-12 13:45:50 +0000},
	journal = {Numerische Mathematik},
	number = {3},
	pages = {339--366},
	publisher = {Springer},
	title = {New Shape Functions for Triangular p-{FEM} using Integrated {J}acobi Polynomials},
	volume = {103},
	year = {2006}}

@article{magnus1995painleve,
	author = {Magnus, Alphonse P},
	date-modified = {2019-09-12 13:45:56 +0000},
	journal = {Journal of Computational and Applied Mathematics},
	number = {1-2},
	pages = {215--237},
	publisher = {Elsevier},
	title = {{P}ainlev{\'e}-Type Differential Equations for the Recurrence Coefficients of Semi-Classical Orthogonal Polynomials},
	volume = {57},
	year = {1995}}

@article{olver2019triangle,
	author = {Olver, Sheehan and Townsend, Alex and Vasil, Geoff},
	journal = {SIAM J. Sci. Comput.},
	number = {6},
	pages = {A3728--A3756},
	publisher = {SIAM},
	title = {A Sparse Spectral Method on Triangles},
	volume = {41},
	year = {2019}}

@incollection{olver2018recurrence,
	author = {Olver, Sheehan and Townsend, Alex and Vasil, Geoffrey M},
	booktitle = {Spectral and High Order Methods for Partial Differential Equations ICOSAHOM 2018},
	pages = {79--92},
	publisher = {Springer, Cham},
	title = {Recurrence relations for a family of orthogonal polynomials on a triangle},
	year = {2020}}

@article{olver2013fast,
	author = {Olver, Sheehan and Townsend, Alex},
	date-modified = {2019-05-03 14:18:11 +0000},
	journal = {SIAM Review},
	number = {3},
	pages = {462--489},
	publisher = {SIAM},
	title = {A Fast and Well-Conditioned Spectral Method},
	volume = {55},
	year = {2013}}

@book{karniadakis2013spectral,
	author = {Karniadakis, George and Sherwin, Spencer},
	date-modified = {2019-04-08 13:58:37 +0000},
	publisher = {Oxford University Press},
	title = {Spectral/hp Element Methods for Computational Fluid Dynamics},
	year = {2013}}

@article{vasil2016tensor,
	author = {Vasil, Geoffrey M and Burns, Keaton J and Lecoanet, Daniel and Olver, Sheehan and Brown, Benjamin P and Oishi, Jeffrey S},
	date-modified = {2019-09-12 13:46:04 +0000},
	journal = {Journal of Computational Physics},
	pages = {53--73},
	publisher = {Elsevier},
	title = {Tensor calculus in polar coordinates using {J}acobi polynomials},
	volume = {325},
	year = {2016}}

@article{vasil2019tensor,
	author = {Vasil, Geoffrey M and Lecoanet, Daniel and Burns, Keaton J and Oishi, Jeffrey S and Brown, Benjamin P},
	journal = {Journal of Computational Physics: X},
	pages = {100013},
	publisher = {Elsevier},
	title = {Tensor calculus in spherical coordinates using {J}acobi polynomials. {P}art-{I}: Mathematical analysis and derivations},
	volume = {3},
	year = {2019}}

@article{lecoanet2019tensor,
	author = {Lecoanet, Daniel and Vasil, Geoffrey M and Burns, Keaton J and Brown, Benjamin P and Oishi, Jeffrey S},
	journal = {Journal of Computational Physics: X},
	pages = {100012},
	publisher = {Elsevier},
	title = {Tensor calculus in spherical coordinates using Jacobi polynomials. {P}art-{II}: Implementation and examples},
	volume = {3},
	year = {2019}}

@article{BenchmarkTools.jl-2016,
	adsnote = {Provided by the SAO/NASA Astrophysics Data System},
	adsurl = {https://ui.adsabs.harvard.edu/abs/2016arXiv160804295C},
	archiveprefix = {arXiv},
	author = {{Chen}, Jiahao and {Revels}, Jarrett},
	eid = {arXiv:1608.04295},
	eprint = {1608.04295},
	journal = {arXiv e-prints},
	keywords = {Computer Science - Performance, 68N30, B.8.1, D.2.5},
	month = {Aug},
	primaryclass = {cs.PF},
	title = {Robust benchmarking in noisy environments},
	year = 2016}
