%% This BibTeX bibliography file was created using BibDesk.
%% http://bibdesk.sourceforge.net/

%% Created for Ben Snowball at 2019-05-02 13:54:17 +0100 


%% Saved with string encoding Unicode (UTF-8) 



@article{olver2018orthogonal,
	Author = {Olver, Sheehan and Xu, Yuan},
	Date-Added = {2019-05-02 12:52:36 +0000},
	Date-Modified = {2019-05-02 12:53:18 +0000},
	Journal = {arXiv preprint arXiv:1807.04195},
	Title = {Orthogonal Structure on a Quadratic Curve},
	Year = {2018},
	Bdsk-File-1 = {YnBsaXN0MDDUAQIDBAUGJCVYJHZlcnNpb25YJG9iamVjdHNZJGFyY2hpdmVyVCR0b3ASAAGGoKgHCBMUFRYaIVUkbnVsbNMJCgsMDxJXTlMua2V5c1pOUy5vYmplY3RzViRjbGFzc6INDoACgAOiEBGABIAFgAdccmVsYXRpdmVQYXRoWWFsaWFzRGF0YV8QOS4uLy4uLy4uL1JlYWRpbmcvaGFsZmRpc2svT3J0aG9nbmFsUXVhZEN1cnZlLU9sdmVyLVh1LnBkZtIXCxgZV05TLmRhdGFPEQHCAAAAAAHCAAIAAAxNYWNpbnRvc2ggSEQAAAAAAAAAAAAAAAAAAAAAAAAAQkQAAf////8fT3J0aG9nbmFsUXVhZEN1cnZlLU9sdmVyLVh1LnBkZgAAAAAAAAAAAAAAAAAAAAAAAAAAAAAAAAAAAAAAAAAA/////wAAAAAAAAAAAAAAAAADAAMAAAogY3UAAAAAAAAAAAAAAAAACGhhbGZkaXNrAAIAVC86VXNlcnM6YnNzMTY6RG9jdW1lbnRzOk1QRS1DRFQ6UGhEOlJlYWRpbmc6aGFsZmRpc2s6T3J0aG9nbmFsUXVhZEN1cnZlLU9sdmVyLVh1LnBkZgAOAEAAHwBPAHIAdABoAG8AZwBuAGEAbABRAHUAYQBkAEMAdQByAHYAZQAtAE8AbAB2AGUAcgAtAFgAdQAuAHAAZABmAA8AGgAMAE0AYQBjAGkAbgB0AG8AcwBoACAASABEABIAUlVzZXJzL2JzczE2L0RvY3VtZW50cy9NUEUtQ0RUL1BoRC9SZWFkaW5nL2hhbGZkaXNrL09ydGhvZ25hbFF1YWRDdXJ2ZS1PbHZlci1YdS5wZGYAEwABLwAAFQACAAz//wAAgAbSGxwdHlokY2xhc3NuYW1lWCRjbGFzc2VzXU5TTXV0YWJsZURhdGGjHR8gVk5TRGF0YVhOU09iamVjdNIbHCIjXE5TRGljdGlvbmFyeaIiIF8QD05TS2V5ZWRBcmNoaXZlctEmJ1Ryb290gAEACAARABoAIwAtADIANwBAAEYATQBVAGAAZwBqAGwAbgBxAHMAdQB3AIQAjgDKAM8A1wKdAp8CpAKvArgCxgLKAtEC2gLfAuwC7wMBAwQDCQAAAAAAAAIBAAAAAAAAACgAAAAAAAAAAAAAAAAAAAML}}

@misc{DLMFJacobiDerivative,
	Date-Modified = {2019-04-25 13:23:34 +0100},
	Howpublished = {\url{http://dlmf.nist.gov/18.9.E15}},
	Note = {Accessed: 2018-07-01},
	Title = {NIST {D}igital {L}ibrary of {M}athematical {F}unctions}}

@misc{DLMFSphericalandSpheroidalHarmonics,
	Howpublished = {\url{http://dlmf.nist.gov/14.30.E1}},
	Note = {Accessed: 2018-07-01},
	Title = {{DLMF}, {D}igital {L}ibrary of {M}athematical {F}unctions}}

@misc{DLMFFerrers,
	Howpublished = {\url{http://dlmf.nist.gov/14.3.E1}},
	Note = {Accessed: 2018-07-01},
	Title = {{DLMF}, {D}igital {L}ibrary of {M}athematical {F}unctions}}

@misc{DLMFAssociatedLegendre,
	Howpublished = {\url{http://dlmf.nist.gov/14.3.E6}},
	Note = {Accessed: 2018-07-01},
	Title = {{DLMF}, {D}igital {L}ibrary of {M}athematical {F}unctions}}

@misc{DLMFJacobiRecurrence,
	Howpublished = {\url{http://dlmf.nist.gov/18.9.E6}},
	Note = {Accessed: 2018-07-01},
	Title = {{DLMF}, {D}igital {L}ibrary of {M}athematical {F}unctions}}

@misc{DLMFUltraJacobi,
	Howpublished = {\url{http://dlmf.nist.gov/18.7.E2}},
	Note = {Accessed: 2018-07-01},
	Title = {{DLMF}, {D}igital {L}ibrary of {M}athematical {F}unctions}}

@misc{DLMFUltraRecurrence,
	Howpublished = {\url{http://dlmf.nist.gov/18.9.E7}},
	Note = {Accessed: 2018-07-01},
	Title = {{DLMF}, {D}igital {L}ibrary of {M}athematical {F}unctions}}

@misc{DLMFUltraRecurrence2,
	Howpublished = {\url{http://dlmf.nist.gov/18.9.E8}},
	Note = {Accessed: 2018-07-01},
	Title = {{DLMF}, {D}igital {L}ibrary of {M}athematical {F}unctions}}

@misc{DLMF,
	Author = {Olver, F. W. J. and others},
	Date-Modified = {2019-04-25 13:27:15 +0100},
	Howpublished = {http://dlmf.nist.gov/},
	Note = {Accessed: 2018-11-01},
	Title = {{NIST} {D}igital {L}ibrary of {M}athematical {F}unctions}}

@book{dunkl2014orthogonal,
	Author = {Dunkl, Charles F and Xu, Yuan},
	Number = {155},
	Publisher = {Cambridge University Press},
	Title = {{O}rthogonal {P}olynomials of {S}everal {V}ariables},
	Year = {2014}}

@book{efthimiou2014spherical,
	Author = {Efthimiou, Costas and Frye, Christopher},
	Publisher = {World Scientific},
	Title = {Spherical harmonics in p dimensions},
	Year = {2014}}

@book{dai2013approximation,
	Author = {Dai, Feng and Xu, Yuan},
	Publisher = {Springer},
	Title = {Approximation theory and harmonic analysis on spheres and balls},
	Year = {2013}}

@article{li2010optimal,
	Author = {Li, Huiyuan and Shen, Jie},
	Journal = {Mathematics of Computation},
	Number = {271},
	Pages = {1621--1646},
	Title = {Optimal error estimates in Jacobi-weighted Sobolev spaces for polynomial approximations on the triangle},
	Volume = {79},
	Year = {2010}}

@misc{ApproxFun,
	Author = {Olver, Sheehan},
	Howpublished = {\url{https://github.com/JuliaApproximation/ApproxFun.jl}},
	Note = {Accessed: 2018-07-01},
	Title = {{A}pprox{F}un, {J}ulia package}}

@article{BarreraEtAl,
	Journal = {Eur. J. Phys},
	Title = {{V}ector spherical harmonics and their application to magnetostatics},
	Year = {1985},
	Bdsk-File-1 = {YnBsaXN0MDDUAQIDBAUGJCVYJHZlcnNpb25YJG9iamVjdHNZJGFyY2hpdmVyVCR0b3ASAAGGoKgHCBMUFRYaIVUkbnVsbNMJCgsMDxJXTlMua2V5c1pOUy5vYmplY3RzViRjbGFzc6INDoACgAOiEBGABIAFgAdccmVsYXRpdmVQYXRoWWFsaWFzRGF0YV8QLi4uLy4uLy4uL1JlYWRpbmcvaGFsZmRpc2svVmVjdG9yU0gtQmFycmVyYS5wZGbSFwsYGVdOUy5kYXRhTxEBmAAAAAABmAACAAAMTWFjaW50b3NoIEhEAAAAAAAAAAAAAAAAAAAAAAAAAEJEAAH/////FFZlY3RvclNILUJhcnJlcmEucGRmAAAAAAAAAAAAAAAAAAAAAAAAAAAAAAAAAAAAAAAAAAAAAAAAAAAAAAAAAP////8AAAAAAAAAAAAAAAAAAwADAAAKIGN1AAAAAAAAAAAAAAAAAAhoYWxmZGlzawACAEkvOlVzZXJzOmJzczE2OkRvY3VtZW50czpNUEUtQ0RUOlBoRDpSZWFkaW5nOmhhbGZkaXNrOlZlY3RvclNILUJhcnJlcmEucGRmAAAOACoAFABWAGUAYwB0AG8AcgBTAEgALQBCAGEAcgByAGUAcgBhAC4AcABkAGYADwAaAAwATQBhAGMAaQBuAHQAbwBzAGgAIABIAEQAEgBHVXNlcnMvYnNzMTYvRG9jdW1lbnRzL01QRS1DRFQvUGhEL1JlYWRpbmcvaGFsZmRpc2svVmVjdG9yU0gtQmFycmVyYS5wZGYAABMAAS8AABUAAgAM//8AAIAG0hscHR5aJGNsYXNzbmFtZVgkY2xhc3Nlc11OU011dGFibGVEYXRhox0fIFZOU0RhdGFYTlNPYmplY3TSGxwiI1xOU0RpY3Rpb25hcnmiIiBfEA9OU0tleWVkQXJjaGl2ZXLRJidUcm9vdIABAAgAEQAaACMALQAyADcAQABGAE0AVQBgAGcAagBsAG4AcQBzAHUAdwCEAI4AvwDEAMwCaAJqAm8CegKDApEClQKcAqUCqgK3AroCzALPAtQAAAAAAAACAQAAAAAAAAAoAAAAAAAAAAAAAAAAAAAC1g==}}

@article{wedi2013fast,
	Author = {Wedi, Nils P and Hamrud, Mats and Mozdzynski, George},
	Journal = {Monthly Weather Review},
	Number = {10},
	Pages = {3450--3461},
	Title = {A fast spherical harmonics transform for global NWP and climate models},
	Volume = {141},
	Year = {2013}}

@article{huybrechs2010fourier,
	Author = {Huybrechs, Daan},
	Journal = {SIAM Journal on Numerical Analysis},
	Number = {6},
	Pages = {4326--4355},
	Publisher = {SIAM},
	Title = {On the Fourier extension of nonperiodic functions},
	Volume = {47},
	Year = {2010}}

@article{beuchler2006new,
	Author = {Beuchler, Sven and Schoeberl, Joachim},
	Journal = {Numerische Mathematik},
	Number = {3},
	Pages = {339--366},
	Publisher = {Springer},
	Title = {New shape functions for triangular p-FEM using integrated Jacobi polynomials},
	Volume = {103},
	Year = {2006}}

@article{magnus1995painleve,
	Author = {Magnus, Alphonse P},
	Journal = {Journal of Computational and Applied Mathematics},
	Number = {1-2},
	Pages = {215--237},
	Publisher = {Elsevier},
	Title = {Painlev{\'e}-type differential equations for the recurrence coefficients of semi-classical orthogonal polynomials},
	Volume = {57},
	Year = {1995}}

@article{olver2019triangle,
	Author = {Olver, Sheehan and Townsend, Alex and Vasil, Geoff},
	Journal = {arXiv preprint arXiv:1902.04863},
	Title = {A sparse spectral method on triangles},
	Year = {2019}}

@inproceedings{olver2018recurrence,
	Author = {Olver, Sheehan and Townsend, Alex and Vasil, Geoff},
	Booktitle = {ICOSAHOM 2018 Proceedings},
	Date-Modified = {2019-04-08 15:00:40 +0100},
	Title = {Recurrence relations for orthogonal polynomials on a triangle},
	Year = {2018},
	Bdsk-File-1 = {YnBsaXN0MDDUAQIDBAUGJCVYJHZlcnNpb25YJG9iamVjdHNZJGFyY2hpdmVyVCR0b3ASAAGGoKgHCBMUFRYaIVUkbnVsbNMJCgsMDxJXTlMua2V5c1pOUy5vYmplY3RzViRjbGFzc6INDoACgAOiEBGABIAFgAdccmVsYXRpdmVQYXRoWWFsaWFzRGF0YV8QOS4uLy4uLy4uL1JlYWRpbmcvaGFsZmRpc2svUmVjdXJyZW5jZU9Qc1RyaWFuZ2xlLU9sdmVyLnBkZtIXCxgZV05TLmRhdGFPEQHCAAAAAAHCAAIAAAxNYWNpbnRvc2ggSEQAAAAAAAAAAAAAAAAAAAAAAAAAQkQAAf////8fUmVjdXJyZW5jZU9Qc1RyaWFuZ2xlLU9sdmVyLnBkZgAAAAAAAAAAAAAAAAAAAAAAAAAAAAAAAAAAAAAAAAAA/////wAAAAAAAAAAAAAAAAADAAMAAAogY3UAAAAAAAAAAAAAAAAACGhhbGZkaXNrAAIAVC86VXNlcnM6YnNzMTY6RG9jdW1lbnRzOk1QRS1DRFQ6UGhEOlJlYWRpbmc6aGFsZmRpc2s6UmVjdXJyZW5jZU9Qc1RyaWFuZ2xlLU9sdmVyLnBkZgAOAEAAHwBSAGUAYwB1AHIAcgBlAG4AYwBlAE8AUABzAFQAcgBpAGEAbgBnAGwAZQAtAE8AbAB2AGUAcgAuAHAAZABmAA8AGgAMAE0AYQBjAGkAbgB0AG8AcwBoACAASABEABIAUlVzZXJzL2JzczE2L0RvY3VtZW50cy9NUEUtQ0RUL1BoRC9SZWFkaW5nL2hhbGZkaXNrL1JlY3VycmVuY2VPUHNUcmlhbmdsZS1PbHZlci5wZGYAEwABLwAAFQACAAz//wAAgAbSGxwdHlokY2xhc3NuYW1lWCRjbGFzc2VzXU5TTXV0YWJsZURhdGGjHR8gVk5TRGF0YVhOU09iamVjdNIbHCIjXE5TRGljdGlvbmFyeaIiIF8QD05TS2V5ZWRBcmNoaXZlctEmJ1Ryb290gAEACAARABoAIwAtADIANwBAAEYATQBVAGAAZwBqAGwAbgBxAHMAdQB3AIQAjgDKAM8A1wKdAp8CpAKvArgCxgLKAtEC2gLfAuwC7wMBAwQDCQAAAAAAAAIBAAAAAAAAACgAAAAAAAAAAAAAAAAAAAML}}

@article{olver2013fast,
	Author = {Olver, Sheehan and Townsend, Alex},
	Date-Modified = {2019-04-08 14:59:53 +0100},
	Journal = {SIAM Review},
	Number = {3},
	Pages = {462--489},
	Publisher = {SIAM},
	Title = {A fast and well-conditioned spectral method},
	Volume = {55},
	Year = {2013}}

@book{karniadakis2013spectral,
	Author = {Karniadakis, George and Sherwin, Spencer},
	Date-Modified = {2019-04-08 13:58:37 +0000},
	Publisher = {Oxford University Press},
	Title = {Spectral/hp Element Methods for Computational Fluid Dynamics},
	Year = {2013}}
