%% This BibTeX bibliography file was created using BibDesk.
%% http://bibdesk.sourceforge.net/

%% Created for Ben Snowball at 2021-06-11 15:24:18 +0100 


%% Saved with string encoding Unicode (UTF-8) 



@article{scinocca2008cccma,
	Author = {Scinocca, JF and McFarlane, NA and Lazare, M and Li, J and Plummer, D},
	Date-Added = {2021-06-10 15:47:19 +0000},
	Date-Modified = {2021-06-10 15:48:13 +0000},
	Journal = {Atmospheric Chemistry and Physics},
	Number = {23},
	Pages = {7055--7074},
	Title = {The {CCC}ma third generation {AGCM} and its extension into the middle atmosphere},
	Volume = {8},
	Year = {2008}}

@article{gordon1982description,
	Author = {Gordon, Charles T and Stern, William F},
	Date-Added = {2021-06-10 15:12:25 +0000},
	Date-Modified = {2021-06-10 15:13:02 +0000},
	Journal = {Monthly Weather Review},
	Number = {7},
	Pages = {625--644},
	Title = {A description of the {GFDL} global spectral model},
	Volume = {110},
	Year = {1982}}

@article{hurrell2013community,
	Author = {Hurrell et. al., James W},
	Date-Added = {2021-06-10 15:01:25 +0000},
	Date-Modified = {2021-06-10 15:48:28 +0000},
	Journal = {Bulletin of the American Meteorological Society},
	Number = {9},
	Pages = {1339--1360},
	Title = {The community {E}arth system model: a framework for collaborative research},
	Volume = {94},
	Year = {2013}}

@article{olver2016review,
	Author = {Olver, Sheehan},
	Date-Added = {2021-06-08 15:10:07 +0000},
	Date-Modified = {2021-06-08 15:11:39 +0000},
	Journal = {SIAM Review},
	Number = {2},
	Pages = {369--372},
	Title = {Book Reviews, {O}rthogonal {P}olynomials of {S}everal {V}ariables, {S}econd {E}dition ({C}harles {F}. {D}unkl and {Y}uan {X}u)},
	Volume = {58},
	Year = {2016}}

@article{dumitriu2007mops,
	Author = {Dumitriu, Ioana and Edelman, Alan and Shuman, Gene},
	Date-Added = {2021-06-08 14:49:14 +0000},
	Date-Modified = {2021-06-08 14:56:42 +0000},
	Journal = {Journal of Symbolic Computation},
	Number = {6},
	Pages = {587--620},
	Title = {{MOPS}: Multivariate orthogonal polynomials (symbolically)},
	Volume = {42},
	Year = {2007}}

@article{snowball2020sparse,
	Author = {Snowball, Ben and Olver, Sheehan},
	Date-Added = {2021-06-08 13:43:17 +0000},
	Date-Modified = {2021-06-08 13:43:40 +0000},
	Journal = {arXiv preprint arXiv:2012.11493},
	Title = {Sparse spectral methods for partial differential equations on spherical caps},
	Year = {2020}}

@article{wedi2014increasing,
	Author = {Wedi, Nils P},
	Date-Added = {2021-06-03 15:30:30 +0000},
	Date-Modified = {2021-06-03 15:31:23 +0000},
	Journal = {Philosophical Transactions of the Royal Society A: Mathematical, Physical and Engineering Sciences},
	Number = {2018},
	Pages = {20130289},
	Title = {Increasing horizontal resolution in numerical weather prediction and climate simulations: illusion or panacea?},
	Volume = {372},
	Year = {2014}}

@article{silberman1954planetary,
	Author = {Silberman, Isadore},
	Date-Added = {2021-06-02 16:11:59 +0000},
	Date-Modified = {2021-06-02 16:12:30 +0000},
	Journal = {Journal of Meteorology},
	Number = {1},
	Pages = {27--34},
	Title = {Planetary waves in the atmosphere},
	Volume = {11},
	Year = {1954}}

@book{fletcher2017data,
	Author = {Fletcher, Steven J},
	Date-Added = {2021-06-02 16:00:30 +0000},
	Date-Modified = {2021-06-02 16:01:10 +0000},
	Publisher = {Elsevier},
	Title = {Data {A}ssimilation for the {G}eosciences: {F}rom {T}heory to {A}pplication},
	Year = {2017}}

@article{zhong2007numerical,
	Author = {Zhong, Shijie and Yuen, David A and Moresi, Louis N and Schubert, G},
	Date-Added = {2021-06-02 15:57:40 +0000},
	Date-Modified = {2021-06-11 14:14:50 +0000},
	Journal = {Treatise on Geophysics},
	Pages = {227--252},
	Title = {Numerical methods for mantle convection},
	Volume = {7},
	Year = {2007}}

@book{gottlieb1977numerical,
	Author = {Gottlieb, David and Orszag, Steven A},
	Date-Added = {2021-06-02 15:35:06 +0000},
	Date-Modified = {2021-06-02 15:35:42 +0000},
	Publisher = {SIAM},
	Title = {Numerical {A}nalysis of {S}pectral {M}ethods: {T}heory and {A}pplications},
	Year = {1977}}

@book{canuto2007spectral,
	Author = {Canuto, Claudio and Hussaini, M Yousuff and Quarteroni, Alfio and Zang, Thomas A},
	Date-Added = {2021-06-02 15:31:31 +0000},
	Date-Modified = {2021-06-02 15:32:07 +0000},
	Publisher = {Springer Science \& Business Media},
	Title = {Spectral {M}ethods: {F}undamentals in {S}ingle {D}omains},
	Year = {2007}}

@article{pringle1981accretion,
	Author = {Pringle, James E},
	Date-Added = {2021-06-02 10:33:49 +0000},
	Date-Modified = {2021-06-03 15:09:57 +0000},
	Journal = {Annual Review of Astronomy and Astrophysics},
	Number = {1},
	Pages = {137--160},
	Title = {Accretion discs in astrophysics},
	Volume = {19},
	Year = {1981}}

@article{kerswell2005recent,
	Author = {Kerswell, RR},
	Date-Added = {2021-06-02 10:32:15 +0000},
	Date-Modified = {2021-06-02 10:32:43 +0000},
	Journal = {Nonlinearity},
	Number = {6},
	Pages = {R17},
	Title = {Recent progress in understanding the transition to turbulence in a pipe},
	Volume = {18},
	Year = {2005}}

@article{mahajan2007orthonormal,
	Author = {Mahajan, Virendra N and Dai, Guang-ming},
	Date-Added = {2021-06-02 10:30:27 +0000},
	Date-Modified = {2021-06-03 15:19:20 +0000},
	Journal = {Journal of the Optical Society of America. A, Optics, Image Science, and Vision},
	Number = {9},
	Pages = {2994--3016},
	Title = {Orthonormal polynomials in wavefront analysis: analytical solution},
	Volume = {24},
	Year = {2007}}

@article{noll1976zernike,
	Author = {Noll, Robert J},
	Date-Added = {2021-06-02 10:29:19 +0000},
	Date-Modified = {2021-06-03 15:18:38 +0000},
	Journal = {Journal of the Optical Society of America},
	Number = {3},
	Pages = {207--211},
	Title = {Zernike polynomials and atmospheric turbulence},
	Volume = {66},
	Year = {1976}}

@article{courtier1998ecmwf,
	Author = {Courtier, Philippe and Andersson, E and Heckley, W and Vasiljevic, D and Hamrud, M and Hollingsworth, A and Rabier, F and Fisher, M and Pailleux, J},
	Date-Added = {2021-05-31 10:46:38 +0000},
	Date-Modified = {2021-05-31 10:47:45 +0000},
	Journal = {Quarterly Journal of the Royal Meteorological Society},
	Number = {550},
	Pages = {1783--1807},
	Title = {The {ECMWF} implementation of three-dimensional variational assimilation (3{D}-{V}ar). {I}: {F}ormulation},
	Volume = {124},
	Year = {1998}}

@article{basko1998application,
	Author = {Basko, Roman and Zeng, Gengsheng L and Gullberg, Grant T},
	Date-Added = {2021-05-31 10:43:24 +0000},
	Date-Modified = {2021-05-31 10:44:03 +0000},
	Journal = {Physics in Medicine \& Biology},
	Number = {4},
	Pages = {887},
	Title = {Application of spherical harmonics to image reconstruction for the {C}ompton camera},
	Volume = {43},
	Year = {1998}}

@article{parimal2014application,
	Author = {Parimal, Siddharth and Cramer, Steven M and Garde, Shekhar},
	Date-Added = {2021-05-31 10:40:07 +0000},
	Date-Modified = {2021-05-31 10:40:44 +0000},
	Journal = {The Journal of Physical Chemistry B},
	Number = {46},
	Pages = {13066--13076},
	Title = {Application of a spherical harmonics expansion approach for calculating ligand density distributions around proteins},
	Volume = {118},
	Year = {2014}}

@article{eggels1994fully,
	Author = {Eggels, JGM and Unger, F and Weiss, MH and Westerweel, J and Adrian, Ronald J and Friedrich, R and Nieuwstadt, FTM},
	Date-Added = {2021-05-30 09:23:24 +0000},
	Date-Modified = {2021-05-30 09:23:56 +0000},
	Journal = {Journal of Fluid Mechanics},
	Pages = {175--210},
	Title = {Fully developed turbulent pipe flow: a comparison between direct numerical simulation and experiment},
	Volume = {268},
	Year = {1994}}

@article{wilber2017computing,
	Author = {Wilber, Heather and Townsend, Alex and Wright, Grady B},
	Date-Added = {2021-05-29 10:05:38 +0000},
	Date-Modified = {2021-05-29 10:06:18 +0000},
	Journal = {SIAM Journal on Scientific Computing},
	Number = {3},
	Pages = {C238--C262},
	Title = {Computing with functions in spherical and polar geometries {II}. The disk},
	Volume = {39},
	Year = {2017}}

@article{doha2009efficient,
	Author = {Doha, Eid H and Abd-Elhameed, Waleed M},
	Date-Added = {2021-05-29 09:54:51 +0000},
	Date-Modified = {2021-05-29 09:56:06 +0000},
	Journal = {Mathematics and Computers in Simulation},
	Number = {11},
	Pages = {3221--3242},
	Title = {Efficient spectral ultraspherical-dual-{P}etrov--{G}alerkin algorithms for the direct solution of (2n+1)th-order linear differential equations},
	Volume = {79},
	Year = {2009}}

@article{sakai2009application,
	Author = {Sakai, Takahiro and Redekopp, Larry G},
	Date-Added = {2021-05-29 09:48:34 +0000},
	Date-Modified = {2021-05-29 09:49:13 +0000},
	Journal = {Journal of Computational Physics},
	Number = {18},
	Pages = {7069--7085},
	Title = {An application of one-sided {J}acobi polynomials for spectral modeling of vector fields in polar coordinates},
	Volume = {228},
	Year = {2009}}

@book{trefethen2000spectral,
	Author = {Trefethen, Lloyd N},
	Date-Added = {2021-05-28 15:26:13 +0000},
	Date-Modified = {2021-05-28 15:26:45 +0000},
	Publisher = {SIAM},
	Title = {Spectral {M}ethods in {MATLAB}},
	Year = {2000}}

@book{shen2011spectral,
	Author = {Shen, Jie and Tang, Tao and Wang, Li-Lian},
	Date-Added = {2021-05-28 15:21:40 +0000},
	Date-Modified = {2021-05-28 15:28:31 +0000},
	Publisher = {Springer Science \& Business Media},
	Title = {Spectral {M}ethods: {A}lgorithms, {A}nalysis and {A}pplications},
	Volume = {41},
	Year = {2011}}

@book{mason2002chebyshev,
	Author = {Mason, John C and Handscomb, David C},
	Date-Added = {2021-05-28 15:18:58 +0000},
	Date-Modified = {2021-06-11 14:15:51 +0000},
	Publisher = {{CRC} {P}ress},
	Title = {Chebyshev {P}olynomials},
	Year = {2002}}

@article{julien2009efficient,
	Author = {Julien, Keith and Watson, Mike},
	Date-Added = {2021-05-28 15:12:05 +0000},
	Date-Modified = {2021-06-11 14:19:48 +0000},
	Journal = {Journal of Computational Physics},
	Number = {5},
	Pages = {1480--1503},
	Title = {Efficient multi-dimensional solution of {PDE}s using {C}hebyshev spectral methods},
	Volume = {228},
	Year = {2009}}

@article{doha2006efficient,
	Author = {Doha, Eid H and Bhrawy, Ali H},
	Date-Added = {2021-05-28 14:22:30 +0000},
	Date-Modified = {2021-06-11 14:16:43 +0000},
	Journal = {Numerical Algorithms},
	Number = {2},
	Pages = {137--164},
	Title = {Efficient spectral-{G}alerkin algorithms for direct solution for second-order differential equations using {J}acobi polynomials},
	Volume = {42},
	Year = {2006}}

@article{snowball2019sparse,
	Author = {Snowball, Ben and Olver, Sheehan},
	Date-Added = {2021-05-24 15:36:11 +0000},
	Date-Modified = {2021-06-08 13:42:45 +0000},
	Journal = {Studies in Applied Mathematics},
	Number = {1},
	Pages = {3--35},
	Title = {Sparse spectral and p-finite element methods for partial differential equations on disk slices and trapeziums},
	Volume = {145},
	Year = {2020}}

@article{olver2020orthogonal,
	Author = {Olver, Sheehan and Xu, Yuan},
	Date-Added = {2021-05-24 15:35:15 +0000},
	Date-Modified = {2021-06-03 14:42:31 +0000},
	Journal = {Mathematics of Computation},
	Number = {326},
	Pages = {2847--2865},
	Title = {Orthogonal polynomials in and on a quadratic surface of revolution},
	Volume = {89},
	Year = {2020}}

@article{olver2019triangle,
	Author = {Olver, Sheehan and Townsend, Alex and Vasil, Geoff},
	Date-Added = {2021-05-24 15:34:57 +0000},
	Date-Modified = {2021-06-03 15:07:14 +0000},
	Journal = {SIAM Journal on Scientific Computing},
	Number = {6},
	Pages = {A3728--A3756},
	Publisher = {SIAM},
	Title = {A Sparse Spectral Method on Triangles},
	Volume = {41},
	Year = {2019}}

@inproceedings{olver2018recurrence,
	Author = {Olver, Sheehan and Townsend, Alex and Vasil, Geoffrey M},
	Booktitle = {Spectral and High Order Methods for Partial Differential Equations ICOSAHOM 2018},
	Date-Added = {2021-05-24 15:34:00 +0000},
	Date-Modified = {2021-05-24 15:34:21 +0000},
	Pages = {79--92},
	Publisher = {Springer, Cham},
	Title = {Recurrence relations for a family of orthogonal polynomials on a triangle},
	Year = {2020}}

@article{macdonald2008level,
	Author = {Macdonald, Colin B and Ruuth, Steven J},
	Date-Added = {2021-05-24 15:32:50 +0000},
	Date-Modified = {2021-05-24 15:32:50 +0000},
	Journal = {Journal of Scientific Computing},
	Number = {2},
	Pages = {219--240},
	Title = {Level set equations on surfaces via the Closest Point Method},
	Volume = {35},
	Year = {2008}}

@article{macdonald2010implicit,
	Author = {Macdonald, Colin B and Ruuth, Steven J},
	Date-Added = {2021-05-24 15:32:50 +0000},
	Date-Modified = {2021-05-24 15:32:50 +0000},
	Journal = {SIAM Journal on Scientific Computing},
	Number = {6},
	Pages = {4330--4350},
	Title = {The implicit closest point method for the numerical solution of partial differential equations on surfaces},
	Volume = {31},
	Year = {2010}}

@book{karniadakis2013spectral,
	Author = {Karniadakis, George and Sherwin, Spencer},
	Date-Added = {2021-05-24 15:31:40 +0000},
	Date-Modified = {2021-05-24 15:31:40 +0000},
	Publisher = {Oxford University Press},
	Title = {Spectral/hp {E}lement {M}ethods for {C}omputational {F}luid {D}ynamics},
	Year = {2013}}

@book{DLMF,
	Author = {Olver, Frank WJ and Lozier, Daniel W and Boisvert, Ronald F and Clark, Charles W},
	Date-Added = {2021-05-24 15:26:42 +0000},
	Date-Modified = {2021-05-24 15:26:42 +0000},
	Publisher = {Cambridge University Press},
	Title = {{NIST} {H}andbook of {M}athematical {F}unctions},
	Year = {2010}}

@article{slevinsky2019fast,
	Author = {Slevinsky, Richard Mika{\"e}l},
	Date-Added = {2021-05-24 15:22:39 +0000},
	Date-Modified = {2021-05-24 15:22:39 +0000},
	Journal = {Applied and Computational Harmonic Analysis},
	Number = {3},
	Pages = {585--606},
	Publisher = {Elsevier},
	Title = {Fast and backward stable transforms between spherical harmonic expansions and bivariate Fourier series},
	Volume = {47},
	Year = {2019}}

@article{slevinsky2018use,
	Author = {Slevinsky, Richard Mika{\"e}l},
	Date-Added = {2021-05-24 15:21:04 +0000},
	Date-Modified = {2021-06-11 14:13:01 +0000},
	Journal = {IMA Journal of Numerical Analysis},
	Number = {1},
	Pages = {102--124},
	Title = {On the use of {H}ahn's asymptotic formula and stabilized recurrence for a fast, simple and stable {C}hebyshev--{J}acobi transform},
	Volume = {38},
	Year = {2018}}

@misc{ApproxFun,
	Author = {Olver, Sheehan},
	Date-Added = {2021-05-24 15:17:08 +0000},
	Date-Modified = {2021-05-24 15:17:08 +0000},
	Howpublished = {\url{https://github.com/JuliaApproximation/ApproxFun.jl}},
	Title = {{A}pprox{F}un.jl v0.12, {J}ulia package},
	Year = 2019}

@book{iserles2009first,
	Author = {Iserles, Arieh},
	Date-Added = {2021-05-20 17:25:57 +0000},
	Date-Modified = {2021-06-11 14:18:00 +0000},
	Number = {44},
	Publisher = {Cambridge University Press},
	Title = {A {F}irst {C}ourse in the {N}umerical {A}nalysis of {D}ifferential {E}quations, 2nd edition},
	Year = {2009}}

@article{williamson1992standard,
	Author = {Williamson, David L and Drake, John B and Hack, James J and Jakob, R{\"u}diger and Swarztrauber, Paul N},
	Date-Added = {2021-05-20 17:03:03 +0000},
	Date-Modified = {2021-05-20 17:03:40 +0000},
	Journal = {Journal of Computational Physics},
	Number = {1},
	Pages = {211--224},
	Title = {A standard test set for numerical approximations to the shallow water equations in spherical geometry},
	Volume = {102},
	Year = {1992}}

@article{slevinsky2018spectral,
	Author = {Slevinsky, Richard Mika{\"e}l and Montanelli, Hadrien and Du, Qiang},
	Date-Added = {2021-04-29 15:58:55 +0000},
	Date-Modified = {2021-04-29 15:59:26 +0000},
	Journal = {Journal of Computational Physics},
	Pages = {893--911},
	Title = {A spectral method for nonlocal diffusion operators on the sphere},
	Volume = {372},
	Year = {2018}}

@article{evans1998spherical,
	Author = {Evans, K Franklin},
	Date-Added = {2021-04-29 15:56:13 +0000},
	Date-Modified = {2021-04-29 15:56:44 +0000},
	Journal = {Journal of Atmospheric Sciences},
	Number = {3},
	Pages = {429--446},
	Title = {The spherical harmonics discrete ordinate method for three-dimensional atmospheric radiative transfer},
	Volume = {55},
	Year = {1998}}

@article{rubinstein2015scalar,
	Author = {Rubinstein, Robert and Kurien, Susan and Cambon, Claude},
	Date-Added = {2021-04-29 15:53:39 +0000},
	Date-Modified = {2021-04-29 15:54:08 +0000},
	Journal = {Journal of Turbulence},
	Number = {11},
	Pages = {1058--1075},
	Title = {Scalar and tensor spherical harmonics expansion of the velocity correlation in homogeneous anisotropic turbulence},
	Volume = {16},
	Year = {2015}}

@article{reinecke2013libsharp,
	Author = {Reinecke, Martin and Seljebotn, Dag Sverre},
	Date-Added = {2021-04-29 15:49:15 +0000},
	Date-Modified = {2021-04-29 15:49:46 +0000},
	Journal = {Astronomy \& Astrophysics},
	Pages = {A112},
	Title = {Libsharp--spherical harmonic transforms revisited},
	Volume = {554},
	Year = {2013}}

@article{hollerbach2013parity,
	Author = {Hollerbach, Rainer and Nore, Caroline and Marti, Philippe and Vantieghem, Stijn and Luddens, Francky and L{\'e}orat, J},
	Date-Added = {2021-04-29 15:35:07 +0000},
	Date-Modified = {2021-04-29 15:35:44 +0000},
	Journal = {Physical Review E},
	Number = {5},
	Pages = {053020},
	Title = {Parity-breaking flows in precessing spherical containers},
	Volume = {87},
	Year = {2013}}

@article{beyer2014numerical,
	Author = {Beyer, Florian and Daszuta, Boris and Frauendiener, J{\"o}rg and Whale, Ben},
	Date-Added = {2021-04-29 15:31:30 +0000},
	Date-Modified = {2021-04-29 15:32:40 +0000},
	Journal = {Classical and Quantum Gravity},
	Number = {7},
	Pages = {075019},
	Title = {Numerical evolutions of fields on the 2-sphere using a spectral method based on spin-weighted spherical harmonics},
	Volume = {31},
	Year = {2014}}

@article{boyd2011comparing,
	Author = {Boyd, John P and Yu, Fu},
	Date-Added = {2021-04-29 15:23:55 +0000},
	Date-Modified = {2021-06-01 16:03:31 +0000},
	Journal = {Journal of Computational Physics},
	Number = {4},
	Pages = {1408--1438},
	Title = {Comparing seven spectral methods for interpolation and for solving the {P}oisson equation in a disk: {Z}ernike polynomials, {L}ogan--{S}hepp ridge polynomials, {C}hebyshev--{F}ourier series, cylindrical {R}obert functions, {B}essel--{F}ourier expansions, square-to-disk conformal mapping and radial basis functions},
	Volume = {230},
	Year = {2011}}

@book{belousov1962tables,
	Author = {Belousov, S. L.},
	Date-Added = {2021-04-28 16:07:51 +0000},
	Date-Modified = {2021-06-11 14:22:26 +0000},
	Publisher = {Pergamon Press},
	Title = {Tables of {N}ormalized {A}ssociated {L}egendre {P}olynomials},
	Volume = {18},
	Year = {1962}}

@article{mcnamee1964tables,
	Author = {McNamee, P and Chilton, Frank},
	Date-Added = {2021-04-27 14:26:59 +0000},
	Date-Modified = {2021-06-11 14:11:43 +0000},
	Journal = {Reviews of Modern Physics},
	Number = {4},
	Pages = {1005},
	Title = {Tables of {C}lebsch-{G}ordan {C}oefficients of {SU}3},
	Volume = {36},
	Year = {1964}}

@book{sakurai1995modern,
	Author = {Sakurai, Jun John and Commins, Eugene D},
	Date-Added = {2021-04-27 14:25:54 +0000},
	Date-Modified = {2021-06-11 14:19:09 +0000},
	Publisher = {American Association of Physics Teachers},
	Title = {Modern {Q}uantum {M}echanics, {R}evised {E}dition},
	Year = {1995}}

@article{fukushima2012numerical,
	Author = {Fukushima, Toshio},
	Date-Added = {2021-04-26 16:51:52 +0000},
	Date-Modified = {2021-04-26 16:52:34 +0000},
	Journal = {Journal of Geodesy},
	Number = {4},
	Pages = {271--285},
	Title = {Numerical computation of spherical harmonics of arbitrary degree and order by extending exponent of floating point numbers},
	Volume = {86},
	Year = {2012}}

@book{varshalovich1988quantum,
	Author = {Varshalovich, Dmitri{\u\i} Aleksandrovich and Moskalev, Anatol{\"\i} Nikolaevitch and Khersonskii, Valerii Kel'manovich},
	Date-Added = {2021-04-26 16:47:37 +0000},
	Date-Modified = {2021-05-28 15:25:07 +0000},
	Publisher = {World Scientific},
	Title = {Quantum {T}heory of {A}ngular {M}omentum},
	Year = {1988}}

@article{sloan2013efficient,
	Author = {Sloan, Peter-Pike},
	Date-Added = {2021-04-26 16:42:32 +0000},
	Date-Modified = {2021-04-26 16:43:01 +0000},
	Journal = {Journal of Computer Graphics Techniques},
	Number = {2},
	Pages = {84--90},
	Title = {Efficient spherical harmonic evaluation},
	Volume = {2},
	Year = {2013}}

@article{moon2008efficient,
	Author = {Moon, Jonathan T and Walter, Bruce and Marschner, Steve},
	Date-Added = {2021-04-26 16:41:17 +0000},
	Date-Modified = {2021-05-20 18:10:15 +0000},
	Journal = {ACM SIGGRAPH Proceedings},
	Pages = {1--7},
	Title = {Efficient multiple scattering in hair using spherical harmonics},
	Year = {2008}}

@article{guy1998efficient,
	Author = {Guy, Masters and Keith, Richards-Dinger},
	Date-Added = {2021-04-26 16:23:08 +0000},
	Date-Modified = {2021-04-26 16:23:43 +0000},
	Journal = {Geophysical Journal International},
	Number = {1},
	Pages = {307--309},
	Title = {On the efficient calculation of ordinary and generalized spherical harmonics},
	Volume = {135},
	Year = {1998}}

@article{ismail2017review,
	Author = {Ismail, Mourad EH and Zhang, Ruiming},
	Date-Added = {2021-04-23 15:19:51 +0000},
	Date-Modified = {2021-04-23 15:20:24 +0000},
	Journal = {Journal of the Egyptian Mathematical Society},
	Number = {2},
	Pages = {91--110},
	Title = {A review of multivariate orthogonal polynomials},
	Volume = {25},
	Year = {2017}}

@article{appel1926fonctions,
	Author = {Appel, Paul and De Feriet, J Kampe},
	Date-Added = {2021-04-23 15:18:34 +0000},
	Date-Modified = {2021-04-23 15:19:06 +0000},
	Journal = {Polynomes D'Hermite},
	Title = {Fonctions hyperg{\'e}om{\'e}triques et hypersph{\'e}riques},
	Volume = {140},
	Year = {1926}}

@incollection{koornwinder1975two,
	Author = {Koornwinder, Tom},
	Booktitle = {Theory and Application of Special Functions},
	Date-Added = {2021-04-23 14:29:34 +0000},
	Date-Modified = {2021-06-11 14:16:22 +0000},
	Pages = {435-495},
	Publisher = {Academic Press},
	Title = {Two-variable analogues of the classical orthogonal polynomials},
	Year = {1975}}

@article{zernike1934diffraction,
	Author = {Zernike, Frits},
	Date-Added = {2021-04-23 14:08:30 +0000},
	Date-Modified = {2021-04-23 14:09:06 +0000},
	Journal = {Monthly Notices of the Royal Astronomical Society},
	Pages = {377--384},
	Title = {Diffraction theory of the knife-edge test and its improved form, the phase-contrast method},
	Volume = {94},
	Year = {1934}}

@article{malardel2016new,
	Author = {Malardel, Sylvie and Wedi, Nils and Deconinck, Willem and Diamantakis, Michail and K{\"u}hnlein, Christian and Mozdzynski, George and Hamrud, Mats and Smolarkiewicz, Piotr},
	Date-Added = {2021-04-14 16:01:06 +0000},
	Date-Modified = {2021-06-11 14:11:56 +0000},
	Journal = {ECMWF Newsletter},
	Pages = {23--28},
	Title = {A new grid for the {IFS}},
	Volume = {146},
	Year = {2016}}

@article{cooley1965algorithm,
	Author = {Cooley, James W and Tukey, John W},
	Date-Added = {2021-04-14 16:00:55 +0000},
	Date-Modified = {2021-06-03 15:08:59 +0000},
	Journal = {Mathematics of Computation},
	Number = {90},
	Pages = {297--301},
	Title = {An algorithm for the machine calculation of complex {F}ourier series},
	Volume = {19},
	Year = {1965}}

@article{diamantakisecmwf,
	Author = {Diamantakis, M and Bauer, P and Deconinck, W and Dueben, P and Kuenhlein, C and Malardel, S and Mueller, A and Smolarkiewicz, P and Vana, F and Wedi, N},
	Date-Added = {2021-04-14 16:00:46 +0000},
	Date-Modified = {2021-06-03 15:33:43 +0000},
	Journal = {NUMERICAL WEATHER},
	Pages = {19},
	Title = {The {ECMWF} model dynamical core and visions of its future},
	Year = {2018}}

@article{williamson2007evolution,
	Author = {Williamson, David L},
	Date-Added = {2021-04-14 16:00:30 +0000},
	Date-Modified = {2021-04-14 16:00:30 +0000},
	Journal = {Journal of the Meteorological Society of Japan. Ser. II},
	Pages = {241--269},
	Title = {The evolution of dynamical cores for global atmospheric models},
	Volume = {85},
	Year = {2007}}

@book{boyd2001chebyshev,
	Author = {Boyd, John P},
	Date-Added = {2021-04-14 16:00:19 +0000},
	Date-Modified = {2021-06-11 14:18:42 +0000},
	Publisher = {Courier Corporation},
	Title = {Chebyshev and {F}ourier {S}pectral {M}ethods},
	Year = {2001}}

@article{limpanuparb2014associated,
	Author = {Limpanuparb, Taweetham and Milthorpe, Josh},
	Date-Added = {2021-03-12 11:54:53 +0000},
	Date-Modified = {2021-03-12 11:55:19 +0000},
	Title = {Associated legendre polynomials and spherical harmonics computation for chemistry applications},
	Year = {2014}}

@article{humi1987factorisation,
	Author = {Humi, Mayer},
	Date-Added = {2021-03-11 11:57:29 +0000},
	Date-Modified = {2021-03-11 11:58:30 +0000},
	Journal = {Journal of Physics A: Mathematical and General},
	Number = {14},
	Pages = {4577},
	Title = {Factorisation of separable partial differential equations},
	Volume = {20},
	Year = {1987}}

@article{BenchmarkTools.jl-2016,
	Author = {Chen, Jiahao and Revels, Jarrett},
	Date-Added = {2021-03-05 13:08:13 +0000},
	Date-Modified = {2021-03-05 13:09:38 +0000},
	Journal = {arXiv preprint arXiv:1608.04295},
	Month = {Aug},
	Title = {Robust benchmarking in noisy environments},
	Year = {2016}}

@article{lecoanet2019tensor,
	Author = {Lecoanet, Daniel and Vasil, Geoffrey M and Burns, Keaton J and Brown, Benjamin P and Oishi, Jeffrey S},
	Date-Added = {2021-03-05 12:37:48 +0000},
	Date-Modified = {2021-06-11 14:24:17 +0000},
	Journal = {Journal of Computational Physics: X},
	Pages = {100012},
	Publisher = {Elsevier},
	Title = {Tensor calculus in spherical coordinates using {J}acobi polynomials. {P}art-{II}: Implementation and examples},
	Volume = {3},
	Year = {2019}}

@article{vasil2019tensor,
	Author = {Vasil, Geoffrey M and Lecoanet, Daniel and Burns, Keaton J and Oishi, Jeffrey S and Brown, Benjamin P},
	Date-Added = {2021-03-05 12:37:20 +0000},
	Date-Modified = {2021-03-05 12:37:20 +0000},
	Journal = {Journal of Computational Physics: X},
	Pages = {100013},
	Publisher = {Elsevier},
	Title = {Tensor calculus in spherical coordinates using {J}acobi polynomials. {P}art-{I}: Mathematical analysis and derivations},
	Volume = {3},
	Year = {2019}}

@article{swarztrauber1996spectral,
	Author = {Swarztrauber, Paul N},
	Date-Added = {2020-10-22 16:25:58 +0000},
	Date-Modified = {2020-10-22 16:26:35 +0000},
	Journal = {Monthly Weather Review},
	Number = {4},
	Pages = {730--744},
	Title = {Spectral transform methods for solving the shallow-water equations on the sphere},
	Volume = {124},
	Year = {1996}}

@article{fengler2005nonlinear,
	Author = {Fengler, Martin J and Freeden, Willi},
	Date-Added = {2020-10-22 16:21:37 +0000},
	Date-Modified = {2021-06-11 14:17:06 +0000},
	Journal = {SIAM Journal on Scientific Computing},
	Number = {3},
	Pages = {967--994},
	Title = {A nonlinear {G}alerkin scheme involving vector and tensor spherical harmonics for solving the incompressible {N}avier--{S}tokes equation on the sphere},
	Volume = {27},
	Year = {2005}}

@article{moses1974use,
	Author = {Moses, HE},
	Date-Added = {2020-10-22 16:19:35 +0000},
	Date-Modified = {2020-10-22 16:20:15 +0000},
	Journal = {Journal of the Atmospheric Sciences},
	Number = {6},
	Pages = {1490--1499},
	Title = {The use of vector spherical harmonics in global meteorology and aeronomy},
	Volume = {31},
	Year = {1974}}

@article{swarztrauber1993vector,
	Author = {Swarztrauber, Paul N},
	Date-Added = {2020-10-22 16:17:08 +0000},
	Date-Modified = {2020-10-22 16:17:45 +0000},
	Journal = {Monthly Weather Review},
	Number = {12},
	Pages = {3415--3437},
	Title = {The vector harmonic transform method for solving partial differential equations in spherical geometry},
	Volume = {121},
	Year = {1993}}

@article{carrascal1991vector,
	Author = {Carrascal, B and Estevez, GA and Lee, Peilian and Lorenzo, V},
	Date-Added = {2020-10-22 16:13:22 +0000},
	Date-Modified = {2020-10-22 16:14:02 +0000},
	Journal = {European Journal of Physics},
	Number = {4},
	Pages = {184},
	Title = {Vector spherical harmonics and their application to classical electrodynamics},
	Volume = {12},
	Year = {1991}}

@article{hill1954theory,
	Author = {Hill, EL},
	Date-Added = {2020-10-22 16:10:00 +0000},
	Date-Modified = {2020-10-22 16:10:46 +0000},
	Journal = {American Journal of Physics},
	Number = {4},
	Pages = {211--214},
	Title = {The theory of vector spherical harmonics},
	Volume = {22},
	Year = {1954}}

@article{gia2019favest,
	Author = {Gia, Quoc T Le and Li, Ming and Wang, Yu Guang},
	Date-Added = {2020-10-22 16:04:08 +0000},
	Date-Modified = {2020-10-22 16:04:37 +0000},
	Journal = {arXiv preprint arXiv:1908.00041},
	Title = {FaVeST: Fast vector spherical harmonic transforms},
	Year = {2019}}

@article{suda2002fast,
	Author = {Suda, Reiji and Takami, Masayasu},
	Date-Added = {2020-10-22 15:52:00 +0000},
	Date-Modified = {2020-10-22 15:52:40 +0000},
	Journal = {Mathematics of computation},
	Number = {238},
	Pages = {703--715},
	Title = {A fast spherical harmonics transform algorithm},
	Volume = {71},
	Year = {2002}}

@article{mohlenkamp1999fast,
	Author = {Mohlenkamp, Martin J},
	Date-Added = {2020-10-22 15:43:39 +0000},
	Date-Modified = {2021-06-11 14:15:32 +0000},
	Journal = {Journal of Fourier Analysis and Applications},
	Number = {2-3},
	Pages = {159--184},
	Title = {A fast transform for spherical harmonics},
	Volume = {5},
	Year = {1999}}

@techreport{ecmwf2020scalability,
	Address = {https://www.ecmwf.int/node/19380},
	Author = {Bauer et. al., Peter},
	Date-Added = {2020-10-19 16:17:03 +0000},
	Date-Modified = {2021-06-03 15:03:57 +0000},
	Institution = {ECMWF},
	Month = {02},
	Number = {857},
	Title = {The {ECMWF} {S}calability {P}rogramme: {P}rogress and {P}lans},
	Type = {Technical memorandum},
	Year = {2020}}

@article{cheong2006dynamical,
	Author = {Cheong, Hyeong-Bin},
	Date-Added = {2020-10-19 15:57:24 +0000},
	Date-Modified = {2020-10-19 15:58:05 +0000},
	Journal = {Monthly weather review},
	Number = {4},
	Pages = {1299--1315},
	Title = {A dynamical core with double Fourier series: Comparison with the spherical harmonics method},
	Volume = {134},
	Year = {2006}}

@article{gutleb2020sparse,
	Author = {Gutleb, Timon S and Olver, Sheehan},
	Date-Added = {2020-10-19 15:12:46 +0000},
	Date-Modified = {2021-06-11 14:23:20 +0000},
	Journal = {SIAM Journal on Numerical Analysis},
	Number = {3},
	Pages = {1993--2018},
	Publisher = {SIAM},
	Title = {A sparse spectral method for {V}olterra integral equations using orthogonal polynomials on the triangle},
	Volume = {58},
	Year = {2020}}

@book{press2007numerical,
	Author = {Press, William H and Teukolsky, Saul A and Vetterling, William T and Flannery, Brian P},
	Date-Added = {2020-10-15 16:27:33 +0000},
	Date-Modified = {2021-05-28 15:24:36 +0000},
	Publisher = {Cambridge university press},
	Title = {Numerical {R}ecipes 3rd {E}dition: The {A}rt of {S}cientific {C}omputing},
	Year = {2007}}

@book{courant1953methods,
	Author = {Courant, R and Hilbert, D},
	Date-Added = {2020-10-13 16:27:56 +0000},
	Date-Modified = {2021-06-11 14:22:06 +0000},
	Publisher = {Interscience, New York},
	Title = {Methods of {M}athematical {P}hysics, vol. 1},
	Year = {1953}}

@book{khersonskii1988quantum,
	Author = {Khersonskii, VK and Moskalev, AN and Varshalovich, DA},
	Date-Added = {2020-08-27 16:29:16 +0000},
	Date-Modified = {2021-05-28 15:24:03 +0000},
	Publisher = {World Scientific},
	Title = {Quantum {T}heory of {A}ngular {M}omemtum},
	Year = {1988}}

@article{boyd2005sphere,
	Author = {Boyd, John P},
	Date-Modified = {2019-09-12 13:44:36 +0000},
	Journal = {Journal of Computational Physics},
	Number = {1},
	Pages = {302--310},
	Publisher = {Elsevier},
	Title = {A {C}hebyshev/rational {C}hebyshev spectral method for the {H}elmholtz equation in a sector on the surface of a sphere: defeating corner singularities},
	Volume = {206},
	Year = {2005}}

@article{staniforth2012horizontal,
	Author = {Staniforth, Andrew and Thuburn, John},
	Date-Added = {2019-05-09 12:31:31 +0000},
	Date-Modified = {2019-05-09 12:33:10 +0000},
	Journal = {Quarterly Journal of the Royal Meteorological Society},
	Number = {662},
	Pages = {1--26},
	Read = {0},
	Title = {Horizontal grids for global weather and climate prediction models: a review},
	Volume = {138},
	Year = {2012}}

@article{gautschi1982generating,
	Author = {Gautschi, Walter},
	Date-Added = {2019-05-03 14:12:25 +0000},
	Date-Modified = {2019-05-03 14:15:15 +0000},
	Journal = {SIAM Journal on Scientific and Statistical Computing},
	Number = {3},
	Pages = {289--317},
	Title = {On Generating Orthogonal Polynomials},
	Volume = {3},
	Year = {1982},
	Bdsk-File-1 = {YnBsaXN0MDDUAQIDBAUGBwpYJHZlcnNpb25ZJGFyY2hpdmVyVCR0b3BYJG9iamVjdHMSAAGGoF8QD05TS2V5ZWRBcmNoaXZlctEICVRyb290gAGnCwwXGBkaG1UkbnVsbNMNDg8QExZXTlMua2V5c1pOUy5vYmplY3RzViRjbGFzc6IREoACgAOiFBWABIAFgAZccmVsYXRpdmVQYXRoWWFsaWFzRGF0YV8QOi4uLy4uLy4uLy4uLy4uL1JlYWRpbmcvaGFsZmRpc2svR2VuZXJhdGluZ09Qcy1HYXV0c2NoaS5wZGZPEQGwAAAAAAGwAAIAAAxNYWNpbnRvc2ggSEQAAAAAAAAAAAAAAAAAAAAAAAAAQkQAAf////8aR2VuZXJhdGluZ09Qcy1HYXV0c2NoaS5wZGYAAAAAAAAAAAAAAAAAAAAAAAAAAAAAAAAAAAAAAAAAAAAAAAAA/////wAAAAAAAAAAAAAAAAAFAAMAAAogY3UAAAAAAAAAAAAAAAAACGhhbGZkaXNrAAIATy86VXNlcnM6YnNzMTY6RG9jdW1lbnRzOk1QRS1DRFQ6UGhEOlJlYWRpbmc6aGFsZmRpc2s6R2VuZXJhdGluZ09Qcy1HYXV0c2NoaS5wZGYAAA4ANgAaAEcAZQBuAGUAcgBhAHQAaQBuAGcATwBQAHMALQBHAGEAdQB0AHMAYwBoAGkALgBwAGQAZgAPABoADABNAGEAYwBpAG4AdABvAHMAaAAgAEgARAASAE1Vc2Vycy9ic3MxNi9Eb2N1bWVudHMvTVBFLUNEVC9QaEQvUmVhZGluZy9oYWxmZGlzay9HZW5lcmF0aW5nT1BzLUdhdXRzY2hpLnBkZgAAEwABLwAAFQACAAz//wAA0hwdHh9aJGNsYXNzbmFtZVgkY2xhc3Nlc1xOU0RpY3Rpb25hcnmiHiBYTlNPYmplY3QACAARABoAJAApADIANwBJAEwAUQBTAFsAYQBoAHAAewCCAIUAhwCJAIwAjgCQAJIAnwCpAOYCmgKfAqoCswLAAsMAAAAAAAACAQAAAAAAAAAhAAAAAAAAAAAAAAAAAAACzA==}}

@article{olver2021orthogonal,
	Author = {Olver, Sheehan and Xu, Yuan},
	Date-Modified = {2021-06-03 14:43:26 +0000},
	Journal = {IMA Journal of Numerical Analysis},
	Number = {1},
	Pages = {206--246},
	Title = {Orthogonal structure on a quadratic curve},
	Volume = {41},
	Year = {2021}}

@book{dunkl2014orthogonal,
	Author = {Dunkl, Charles F and Xu, Yuan},
	Number = {155},
	Publisher = {Cambridge University Press},
	Title = {{O}rthogonal {P}olynomials of {S}everal {V}ariables},
	Year = {2014}}

@book{efthimiou2014spherical,
	Author = {Efthimiou, Costas and Frye, Christopher},
	Date-Modified = {2021-05-24 15:28:09 +0000},
	Publisher = {World Scientific},
	Title = {{S}pherical {H}armonics in p {D}imensions},
	Year = {2014}}

@book{dai2013approximation,
	Author = {Dai, Feng and Xu, Yuan},
	Date-Modified = {2021-06-11 14:21:57 +0000},
	Publisher = {Springer},
	Title = {Approximation {T}heory and {H}armonic {A}nalysis on {S}pheres and {B}alls},
	Year = {2013}}

@article{li2010optimal,
	Author = {Li, Huiyuan and Shen, Jie},
	Date-Modified = {2021-06-11 14:24:02 +0000},
	Journal = {Mathematics of Computation},
	Number = {271},
	Pages = {1621--1646},
	Title = {Optimal Error Estimates in {J}acobi-Weighted {S}obolev Spaces for Polynomial Approximations on the Triangle},
	Volume = {79},
	Year = {2010}}

@article{FEMShallowWater,
	Author = {Shipton, J and Gibson, TH and Cotter, CJ},
	Doi = {10.1016/j.jcp.2018.08.027},
	Journal = {Journal of Computational Physics},
	Pages = {1121--1137},
	Title = {Higher-order compatible finite element schemes for the nonlinear rotating shallow water equations on the sphere},
	Url = {http://dx.doi.org/10.1016/j.jcp.2018.08.027},
	Volume = {375},
	Year = {2018},
	Bdsk-Url-1 = {http://dx.doi.org/10.1016/j.jcp.2018.08.027}}

@article{DGShallowWater,
	Author = {Bonev, Boris and Hesthaven, Jan S and Giraldo, Francis X and Kopera, Michal A},
	Date-Modified = {2019-09-12 13:45:20 +0000},
	Journal = {Journal of Computational Physics},
	Pages = {425--448},
	Publisher = {Elsevier},
	Title = {Discontinuous {G}alerkin scheme for the spherical shallow water equations with applications to tsunami modeling and prediction},
	Volume = {362},
	Year = {2018}}

@article{barrera1985vector,
	Author = {Barrera, Rub{\'e}n G and Estevez, GA and Giraldo, J},
	Date-Modified = {2019-05-03 14:21:16 +0000},
	Journal = {European Journal of Physics},
	Number = {4},
	Pages = {287},
	Title = {{V}ector Spherical Harmonics and their Application to Magnetostatics},
	Volume = {6},
	Year = {1985},
	Bdsk-File-1 = {YnBsaXN0MDDUAQIDBAUGBwpYJHZlcnNpb25ZJGFyY2hpdmVyVCR0b3BYJG9iamVjdHMSAAGGoF8QD05TS2V5ZWRBcmNoaXZlctEICVRyb290gAGnCwwXGBkaG1UkbnVsbNMNDg8QExZXTlMua2V5c1pOUy5vYmplY3RzViRjbGFzc6IREoACgAOiFBWABIAFgAZccmVsYXRpdmVQYXRoWWFsaWFzRGF0YV8QNC4uLy4uLy4uLy4uLy4uL1JlYWRpbmcvaGFsZmRpc2svVmVjdG9yU0gtQmFycmVyYS5wZGZPEQGYAAAAAAGYAAIAAAxNYWNpbnRvc2ggSEQAAAAAAAAAAAAAAAAAAAAAAAAAQkQAAf////8UVmVjdG9yU0gtQmFycmVyYS5wZGYAAAAAAAAAAAAAAAAAAAAAAAAAAAAAAAAAAAAAAAAAAAAAAAAAAAAAAAAA/////wAAAAAAAAAAAAAAAAAFAAMAAAogY3UAAAAAAAAAAAAAAAAACGhhbGZkaXNrAAIASS86VXNlcnM6YnNzMTY6RG9jdW1lbnRzOk1QRS1DRFQ6UGhEOlJlYWRpbmc6aGFsZmRpc2s6VmVjdG9yU0gtQmFycmVyYS5wZGYAAA4AKgAUAFYAZQBjAHQAbwByAFMASAAtAEIAYQByAHIAZQByAGEALgBwAGQAZgAPABoADABNAGEAYwBpAG4AdABvAHMAaAAgAEgARAASAEdVc2Vycy9ic3MxNi9Eb2N1bWVudHMvTVBFLUNEVC9QaEQvUmVhZGluZy9oYWxmZGlzay9WZWN0b3JTSC1CYXJyZXJhLnBkZgAAEwABLwAAFQACAAz//wAA0hwdHh9aJGNsYXNzbmFtZVgkY2xhc3Nlc1xOU0RpY3Rpb25hcnmiHiBYTlNPYmplY3QACAARABoAJAApADIANwBJAEwAUQBTAFsAYQBoAHAAewCCAIUAhwCJAIwAjgCQAJIAnwCpAOACfAKBAowClQKiAqUAAAAAAAACAQAAAAAAAAAhAAAAAAAAAAAAAAAAAAACrg==}}

@article{wedi2013fast,
	Author = {Wedi, Nils P and Hamrud, Mats and Mozdzynski, George},
	Date-Modified = {2019-09-12 13:45:33 +0000},
	Journal = {Monthly Weather Review},
	Number = {10},
	Pages = {3450--3461},
	Title = {A Fast Spherical Harmonics Transform for Global {NWP} and Climate Models},
	Volume = {141},
	Year = {2013}}

@article{huybrechs2010fourier,
	Author = {Huybrechs, Daan},
	Date-Modified = {2019-09-12 13:45:40 +0000},
	Journal = {SIAM Journal on Numerical Analysis},
	Number = {6},
	Pages = {4326--4355},
	Publisher = {SIAM},
	Title = {On the {F}ourier Extension of Nonperiodic Functions},
	Volume = {47},
	Year = {2010}}

@article{beuchler2006new,
	Author = {Beuchler, Sven and Schoeberl, Joachim},
	Date-Modified = {2019-09-12 13:45:50 +0000},
	Journal = {Numerische Mathematik},
	Number = {3},
	Pages = {339--366},
	Publisher = {Springer},
	Title = {New Shape Functions for Triangular p-{FEM} using Integrated {J}acobi Polynomials},
	Volume = {103},
	Year = {2006}}

@article{magnus1995painleve,
	Author = {Magnus, Alphonse P},
	Date-Modified = {2019-09-12 13:45:56 +0000},
	Journal = {Journal of Computational and Applied Mathematics},
	Number = {1-2},
	Pages = {215--237},
	Publisher = {Elsevier},
	Title = {{P}ainlev{\'e}-Type Differential Equations for the Recurrence Coefficients of Semi-Classical Orthogonal Polynomials},
	Volume = {57},
	Year = {1995}}

@article{olver2013fast,
	Author = {Olver, Sheehan and Townsend, Alex},
	Date-Modified = {2019-05-03 14:18:11 +0000},
	Journal = {SIAM Review},
	Number = {3},
	Pages = {462--489},
	Publisher = {SIAM},
	Title = {A Fast and Well-Conditioned Spectral Method},
	Volume = {55},
	Year = {2013}}

@article{vasil2016tensor,
	Author = {Vasil, Geoffrey M and Burns, Keaton J and Lecoanet, Daniel and Olver, Sheehan and Brown, Benjamin P and Oishi, Jeffrey S},
	Date-Modified = {2019-09-12 13:46:04 +0000},
	Journal = {Journal of Computational Physics},
	Pages = {53--73},
	Publisher = {Elsevier},
	Title = {Tensor calculus in polar coordinates using {J}acobi polynomials},
	Volume = {325},
	Year = {2016}}
